2444 3736
582 256 641 322 15*

197 439 235 497 b.
257 441 305 497 hb
317 441 389 499 Jove
401 440 569 518 principium
582 441 683 499 Musae
693 466 702 513 3
724 443 802 500 Jovis
814 443 910 500 omnia
919 443 1010 522 plena.

157 540 209 598 Ille
222 543 290 599 colit
303 552 403 613 terras3
427 543 465 601 illi
479 562 542 601 mea
555 546 678 602 carmina
691 564 782 603 curae.
994 549 1044 609 di,

199 644 244 701 Μ.
258 645 296 702 Et
305 663 352 703 rue
363 645 491 702 Phoebus
500 656 589 702 ornat:
607 646 721 702 Phoebo
731 665 779 703 sua
789 665 899 724 semper
908 649 983 725 apud
993 666 1045 705 rne-

159 745 281 802 Munera
294 758 369 813 sunt,
383 745 453 803 lauri
465 755 494 805 et
507 765 590 805 suave
603 749 706 806 rubeus
720 748 893 824 hyacintbus.
903 749 924 827 ἓ

198 846 238 904 D.
259 847 339 907 Malo
352 866 399 906 me
412 848 528 906 Galatea
540 851 622 926 petit,
636 849 735 909 lasciva
749 849 852 927 puella,

159 949 198 1006 Et
210 948 284 1024 fugit
297 950 332 1007 ad
345 949 450 1017 salices,
463 960 493 1007 et
506 969 535 1008 se
548 952 626 1027 cupit
639 962 703 1008 ante
717 953 816 1010 videri.
996 952 1047 1011 ss-

199 1052 245 1109 M.
265 1056 307 1109 At
320 1044 390 1109 mihi
403 1071 462 1110 sese
474 1053 558 1110 offert
570 1052 654 1120 ultro,
669 1073 749 1112 meus
760 1056 842 1131 ignis,
856 1056 1014 1131 Amyntas3

159 1153 264 1210 Notior
276 1163 309 1210 ut
317 1151 378 1227 jam
391 1156 427 1212 sit
439 1156 552 1212 canibus
566 1174 623 1212 non
637 1156 723 1215 Delio
733 1158 840 1215 nostris.

199 1255 239 1311 D.
260 1256 339 1312 Parta
351 1274 432 1312 meae
444 1257 550 1313 Veneri
562 1268 627 1315 sunt
640 1265 772 1314 munera:
796 1277 918 1333 namque
931 1262 1027 1316 notavi

159 1357 225 1433 lpse
238 1356 343 1426 locum,
357 1359 446 1416 aeriae
459 1377 516 1434 quo
529 1377 692 1435 congessere
705 1359 868 1436 palumbes.l

197 1459 244 1516 M.
265 1460 353 1517 Quod
364 1461 454 1536 potui,
469 1478 557 1536 puero
570 1459 693 1536 sylvestri
707 1479 744 1516 ex
756 1462 853 1517 arbore
866 1459 949 1527 lecta,
999 1467 1042 1530 ΞΟ7

160 1560 255 1619 Aurea
269 1558 342 1616 mala
355 1562 456 1618 decern
468 1561 549 1632 misi;
571 1580 630 1618 cras
643 1561 727 1618 altera
740 1562 861 1618 mittam.

201 1663 242 1720 D.
263 1663 291 1722 Ο
305 1664 423 1740 quoties,
437 1675 468 1720 et
480 1682 551 1739 quae
564 1665 644 1721 nobis
658 1663 773 1721 Galatea
785 1663 879 1720 locuta
891 1663 950 1720 est!

162 1766 273 1821 Partem
286 1764 407 1841 aliquam
420 1766 496 1823 venti
505 1765 613 1822 Divum
625 1763 749 1820 reseratis
761 1764 798 1820 ad·
810 1763 899 1820 aures!

172 1867 218 1924 M.
225 1868 304 1925 Quid
311 1867 432 1942 prodest,
439 1867 514 1943 quod
522 1884 569 1922 me
577 1867 635 1941 ipse
643 1864 1058 1940 animononspemisamynrs,

164 1972 203 2039 Si,
218 1972 287 2028 dum
301 1982 332 2028 tu
346 1972 456 2029 sectaris
469 1988 559 2047 apros,
574 1988 628 2046 ego
640 1969 708 2026 retia
721 1970 819 2026 servo?
928 2019 930 2023 .
1000 1978 1048 2038 75·

202 2074 242 2130 D.
256 2073 383 2149 Phyllida
396 2074 477 2130 mitte
491 2073 579 2143 mihi3
596 2089 676 2128 meus
688 2080 731 2127 est
744 2068 852 2136 natalis,
867 2067 944 2127 Iola:

164 2176 240 2233 Cum
254 2175 358 2232 faciam
367 2172 453 2231 vitula
466 2191 518 2250 pro
531 2172 666 2247 frugibus,
683 2173 740 2248 ipse
753 2172 856 2228 venito.

205 2278 250 2334 M.
270 2274 396 2352 Phyllida
408 2294 474 2331 amo
486 2285 550 2332 oute
563 2274 643 2330 alias:
667 2291 733 2330 narn
747 2292 794 2332 me
807 2273 948 2330 discedere
961 2272 1062 2344 florib,

164 2382 212 2446 Et,
227 2379 345 2455 longum
358 2378 480 2434 fonnose
492 2375 563 2444 vale,
578 2374 650 2442 vale,
665 2375 765 2450 inquit,
781 2373 849 2431 lola.

204 2481 244 2538 D.
263 2481 355 2537 Triste
366 2477 449 2555 lupus
461 2476 584 2542 stabulis,
599 2477 713 2532 maturis
726 2474 852 2550 frugibus
865 2476 979 2541 imbres,
1001 2481 1046 2531 80

164 2584 319 2640 Arboribus
331 2581 418 2647 venti,
432 2579 515 2635 nobis
526 2575 710 2652 Amaryllidis-
719 2575 784 2632 irae.

203 2685 248 2739 M.
267 2681 361 2739 Dulce
374 2679 563 2746 satbhumm
577 2676 697 2755 depulsis
710 2676 854 2733 abutum
868 2673 982 2741 hoedis,

165 2787 256 2844 Lessa
270 2783 338 2841 salix
351 2782 427 2838 foeto
440 2782 544 2858 pecori,
559 2781 630 2837 mihi
643 2778 717 2839 solus
730 2782 878 2853 Amyntas.

196 2959 211 3001 ὗ
230 2961 318 3008 dilium
328 2966 459 3020 managos,
472 2957 513 3004 the
520 2970 587 3002 same
597 2969 622 3001 us
632 2953 759 3002 vaccinium
770 2952 796 2999 in
806 2948 911 3012 Eclogue
924 2947 960 2996 ll.
974 2947 1014 3011 fig.
1023 2955 1048 2996 σο

199 3046 208 3084 ¹
224 3049 358 3098 Polumbes.
377 3046 428 3093 Our
439 3043 584 3104 king-dore,
594 3055 622 3089 or
633 3040 733 3089 θῆκαι.

379 3140 413 3200 '¹
427 3132 533 3184 Arsam
542 3129 627 3188 mdo,
644 3128 687 3191 fig.
700 3137 739 3180 ιι.
