2444 3736
602 236 643 299 12

209 418 255 475 M.
275 419 353 476 Tum
366 420 461 486 credo,
476 437 543 476 curn
557 438 604 477 me
617 421 761 478 arbustum
773 422 868 479 videre
881 421 1025 497 Myconis,

169 520 267 595 Atque
279 519 352 577 mala
365 521 434 577 vites
447 521 567 578 incidere
580 521 650 579 falce
663 521 792 580 novellas.
1008 534 1042 582 11

207 620 247 679 D.
268 622 329 679 Aut
342 623 388 678 hic
401 622 436 679 ad
448 633 554 680 veteres
567 623 655 700 fagos,
670 642 737 680 cum
751 623 908 700 Daphnidis
921 643 1019 683 arcum

66 797 68 799 Ι
158 724 283 802 'Fregisti
296 736 326 783 et
338 725 474 784 calamos:
496 745 567 803 quae
581 736 622 794 tu,
636 745 764 804 perverse
776 726 919 796 Menalca,

167 826 205 884 Et
218 845 286 885 cum
298 830 390 887 vidisti
403 848 490 906 puero
503 831 616 898 donata,
631 829 761 902 dolebas;

166 929 214 996 Et,
229 931 251 986 si
264 948 322 987 non
335 929 427 1007 aliqua
440 933 589 998 nocuisses,
605 942 731 988 mortuus
744 948 825 988 esses.
984 959 987 965 ·
1008 939 1045 989 1⁵

205 1031 252 1088 M.
273 1033 353 1091 Quid
366 1033 473 1090 domini
486 1033 600 1102 facient,
615 1035 719 1091 audent
732 1052 799 1091 curn
812 1032 876 1090 talia
889 1033 983 1091 fures?

168 1132 238 1190 Non
249 1151 304 1210 ego
317 1144 346 1192 te
358 1136 415 1194 vidi
429 1136 577 1204 Damonis,
591 1138 722 1212 pessime,
736 1154 852 1212 caprum

166 1234 303 1312 Excipere
316 1237 431 1304 insidiis,
446 1236 569 1294 multum
581 1235 697 1294 latrante
711 1237 826 1312 Lycisca
835 1234 868 1293 ps

164 1337 203 1394 Et
215 1355 282 1394 curn
295 1336 463 1410 clamarem
486 1338 554 1396 Quo
566 1355 642 1396 nunc
655 1355 684 1395 se
696 1338 812 1413 proripit
824 1335 891 1393 ille?

164 1439 273 1514 Tityre,
287 1458 358 1516 coge
370 1458 473 1517 pecus3
496 1453 527 1497 tu
539 1450 603 1516 post
615 1449 722 1497 carecta
734 1438 847 1496 latebas.
1004 1445 1045 1495 20

203 1540 244 1598 D.
264 1541 312 1598 An
325 1542 398 1599 mihi
410 1541 549 1598 cantando
561 1542 650 1599 victus
663 1558 720 1597 nou
733 1542 863 1598 redderet
876 1538 934 1606 ille,
1052 1541 1058 1549 ’

163 1643 261 1702 Quem
274 1663 337 1702 mea
350 1645 518 1702 carminibus
532 1646 677 1702 meruisset
688 1642 779 1700 fistula
792 1645 927 1720 caprum?
970 1685 974 1694 .

164 1745 193 1801 Si
206 1749 304 1814 nescis,
323 1766 403 1805 meus
416 1746 463 1805 ille
476 1766 558 1824 caper
571 1746 641 1805 fuit:
664 1757 693 1805 et
706 1747 776 1804 mihi
789 1745 904 1805 Damon

162 1846 227 1922 Ipse
239 1847 387 1916 fatebatur,
402 1849 451 1906 sed
462 1849 578 1906 reddere
590 1867 670 1925 posse
684 1849 811 1924 negabat.

201 1949 247 2005 M.
269 1951 418 2008 Cantando
433 1962 463 2008 tu
477 1950 577 2008 illurn?
598 1962 646 2009 aut
659 1969 784 2026 unquam
798 1951 850 2007 tibi
864 1949 956 2007 fistula
969 1968 1033 2008 cera

162 2047 179 2102 J
182 2056 265 2105 uncta
278 2048 352 2105 fuit?
374 2064 431 2106 non
445 2060 476 2107 tu
489 2051 518 2108 in
528 2053 623 2119 triviis,
638 2037 761 2117 indocte,
776 2050 882 2108 solebas
998 2053 1038 2110 26

163 2149 297 2206 Stridenti
310 2151 444 2207 miserum
458 2151 557 2227 stipula
570 2152 728 2228 disperdere
741 2153 873 2208 carmen?

200 2248 240 2304 D.
262 2250 312 2306 Vis
324 2269 392 2326 ergo
405 2252 477 2309 inter
490 2271 550 2319 nos,
565 2255 634 2328 quid
646 2254 732 2330 possit
743 2261 871 2328 uterque,
885 2252 1005 2310 vicissim

160 2351 363 2427 Experiamur?
385 2372 440 2430 ego
452 2355 525 2412 hanc
537 2353 654 2411 vitulam
670 2355 720 2428 (ne
733 2352 805 2410 forte
817 2371 936 2421 recuses,

159 2452 207 2510 Bis
220 2455 298 2511 venit
309 2455 344 2512 ad
357 2453 518 2522 mulctram,
531 2455 612 2512 binos
624 2452 673 2511 alit
685 2455 771 2511 ubere
784 2453 888 2527 foetus)
996 2460 1037 2512 30

159 2555 298 2633 Depono:
322 2566 352 2614 tu
365 2557 422 2624 dic,
437 2574 552 2613 mecum
564 2575 621 2632 quo
633 2556 749 2634 pignore
761 2565 858 2613 certes.

154 2730 159 2737 φ
196 2659 243 2719 Μ.
263 2660 310 2718 De
323 2677 408 2737 grege
420 2676 478 2715 non
491 2659 581 2715 ausim
594 2658 749 2735 quidquam
762 2657 902 2733 deponere
916 2664 1031 2714 tecum:

190 2839 203 2878 δ
220 2845 241 2892 it
255 2845 274 2892 is
290 2845 409 2908 generally
420 2847 524 2907 thought
532 2847 585 2894 that
595 2846 696 2913 Lycisca
708 2862 815 2896 meansa
826 2847 873 2908 dog
882 2845 910 2893 oi
917 2861 931 2892 a
943 2846 1054 2907 mongrel

159 2931 239 2988 breed,
256 2935 375 2994 produced
388 2935 418 2998 by
429 2949 443 2981 a
455 2934 541 2982 temate
556 2935 603 2996 dog
612 2937 660 2984 and
670 2950 685 2983 a
694 2935 768 2994 καὶὴ
785 2934 829 2983 but
838 2948 906 2982 some
916 2933 1025 2980 consider
1036 2934 1055 2980 it

159 3032 184 3067 ro
203 3021 232 3068 be
242 3021 331 3086 simply
341 3037 356 3071 a
369 3023 436 3085 dog's
451 3037 525 3073 name
541 3024 643 3073 without
654 3025 769 3074 reference
781 3033 806 3072 to
816 3037 864 3086 any
874 3022 1015 3086 peculiarity
1026 3023 1054 3070 ot

158 3110 287 3159 character.
