2444 3736
643 273 666 337 4

251 463 283 520 Τ.
304 462 383 523 Quid
392 462 533 520 facerem?
554 480 646 540 neque
659 413 769 521 seditio
782 479 829 519 me
842 463 918 519 exire
926 463 1041 528 dicebat,

210 562 275 624 Nec
289 571 347 621 tam
359 571 516 641 praesentes
527 562 591 622 alibi
604 580 770 640 cognoscere
782 563 878 621 Divos.

210 666 270 726 Hic
282 665 363 724 illum
375 667 431 725 vidi
440 663 587 742 juvenem,
601 665 756 733 Meliboee,
770 668 917 742 quotannis

209 769 258 827 Bis
270 788 350 827 senos
362 771 409 827 oui
421 779 514 827 nostra
525 770 583 827 dies
595 768 689 827 altaria
701 769 820 826 firmant.

212 871 271 929 Hic
283 872 354 929 mihi
366 863 529 948 responsum
541 873 646 948 primia
659 873 736 929 dedit
749 871 794 928 ille
807 873 931 948 petenti:
1043 876 1083 928 45

208 975 326 1043 Pascite,
339 961 460 1042 utente,
474 976 570 1042 boves,
586 975 682 1050 pueri;
702 975 858 1032 submittite
871 983 970 1030 tauros.

249 1076 295 1135 M.
314 1079 466 1136 Fortunate
478 1095 574 1145 senex,
584 1095 654 1154 ergo
667 1087 714 1134 tus
726 1076 973 1134 rura-manebunt!

168 1199 169 1202 ¹
208 1179 247 1237 Et
259 1179 311 1236 tibi
324 1196 427 1255 magna
438 1180 518 1248 satis3
540 1180 667 1254 quamvis
678 1177 747 1255 lapis
760 1179 855 1236 omnis
868 1177 958 1235 nudus

206 1280 377 1355 Limosoque
388 1279 467 1356 palus
479 1279 601 1337 obducat
613 1296 714 1355 pascua
723 1277 821 1354 junco.

174 1415 176 1418 ·
203 1377 280 1440 ‘Non
291 1382 398 1439 insueta
409 1399 505 1458 graves
519 1383 666 1439 tentabunt
679 1381 780 1458 pabula
793 1380 880 1439 foetas
887 1406 895 1452 3
1043 1389 1085 1438 50

208 1482 274 1543 Nec
286 1482 361 1541 mala
371 1483 457 1540 vicini
468 1484 575 1560 pecoris
587 1485 714 1559 contagia
727 1482 847 1556 laedent.

207 1586 360 1646 Fortunate
371 1603 467 1652 senex,
481 1583 528 1643 hic
541 1585 614 1642 inter
626 1583 744 1641 flumina
757 1593 845 1641 notas

207 1687 247 1744 Et
260 1685 351 1744 fontes
363 1704 453 1744 sacros
465 1685 552 1763 frigus
564 1685 686 1762 captabis
699 1703 829 1761 opacum.

207 1789 298 1857 Hinc,
312 1790 363 1847 tibi
376 1807 448 1866 quae
460 1806 571 1864 semper
582 1788 674 1846 vicino
687 1789 722 1844 ab
735 1786 825 1844 limite
838 1804 941 1863 saepes,

207 1889 344 1968 Hyblaeis
356 1893 453 1969 apibus
465 1890 567 1948 florem
579 1892 692 1967 depasta
704 1889 801 1958 salicti,
1044 1898 1081 1947 55

208 1993 298 2070 Saepe
310 1992 365 2051 levi
378 2010 510 2051 smmum
523 1992 649 2050 suadebit
661 1992 731 2048 inire
743 2010 861 2049 susurro.

205 2095 285 2160 Hinc
297 2094 353 2153 alta
364 2097 416 2153 sub
429 2112 498 2172 rupe
509 2103 591 2151 canet
603 2093 745 2152 frondator
757 2096 792 2152 ad
805 2113 882 2152 auras
889 2119 897 2164 3

207 2200 275 2259 Nee
287 2209 383 2258 minen
395 2200 499 2256 interea
511 2215 620 2264 raucae,
639 2208 686 2255 tua
695 2216 773 2264 etna,
787 2197 942 2274 palumbes,

209 2300 242 2360 N
243 2319 276 2359 ec
287 2318 402 2378 gemere
414 2300 493 2359 aerea
505 2299 621 2356 cassabit
633 2307 723 2356 turtur
735 2300 770 2355 ab
779 2297 867 2356 ulmo.

250 2403 283 2461 T.
303 2404 381 2460 Ante
393 2401 467 2460 leves
479 2420 547 2479 ergo
554 2410 706 2478 :pascentur
719 2402 748 2457 in
761 2400 872 2458 aethere
883 2401 970 2467 osni,
1044 2400 1084 2459 60

208 2508 247 2568 Et
259 2506 330 2565 freta
343 2506 495 2563 destituent
506 2505 595 2562 nudos
607 2505 637 2562 in
649 2503 742 2562 littore
754 2505 858 2581 pisces:

208 2612 297 2678 Ante,
311 2611 456 2687 pererratis
466 2611 615 2667 amborum
627 2606 740 2675 finibus,
754 2605 821 2664 exul

206 2714 269 2778 Aut
281 2708 409 2770 Ararimh
421 2709 537 2768 Parthus
549 2709 639 2776 bibet,
654 2717 703 2765 aut
717 2708 869 2766 Germania
880 2709 1007 2784 Tigrim:

204 2815 307 2877 ssudm
320 2822 414 2871 nostro
427 2811 498 2870 illius
510 2810 618 2868 labatur
628 2819 742 2888 pectore
754 2809 855 2868 viritim
925 2822 927 2827 “

242 2981 255 3021 t
267 2974 384 3023 Flumina
393 2981 458 3032 ruta,
475 2987 533 3037 may
543 2972 573 3020 be
583 2973 701 3034 supposed
712 2980 737 3020 to
747 2986 818 3020 mean
831 2973 872 3020 the
881 2971 913 3020 Po
924 2972 971 3020 and
982 2970 1022 3020 the
1034 2971 1100 3022 Min·

202 3065 272 3117 eius.
604 3074 606 3078 ’

236 3150 258 3194 ³·
272 3151 394 3203 Theriver
405 3151 666 3203 amanuensem
676 3149 697 3199 is
707 3164 763 3200 now
773 3149 993 3200 callesius-sione.
