2444 3736
597 280 647 349 54

175 467 222 524 Sic
234 467 323 541 cytiso
336 475 431 544 pastae
443 467 602 526 distendant
614 471 701 528 ubera
713 487 813 528 vaceae
826 491 832 524 :

174 571 284 647 Incipe,
299 572 321 628 si
335 571 404 647 quid
416 571 512 629 habes.
539 573 578 630 Et
590 591 638 632 me
652 572 746 631 fecere
758 581 875 650 poetam

173 673 304 744 Pierides,
328 683 436 732 suntet
449 673 521 732 mihi
534 676 658 735 carmina
669 700 678 748 3
695 694 743 732 me
753 693 867 752 quoque
879 674 980 734 dicunt

158 775 276 834 Natem
290 783 431 852 pastores:
445 777 564 835 sednon
578 776 774 854 ego-credulus
788 776 850 836 lllis.

166 878 255 935 ‘Nam
268 895 360 954 neque
374 877 466 935 adhuc
478 879 566 937 Vario
574 878 681 946 videor,
696 897 750 937 nec
763 880 856 938 dicere
867 879 962 937 Cinna
1012 885 1050 936 ³5

172 978 278 1056 Digna,
290 979 338 1037 sed
347 988 459 1057 argutos
469 980 542 1038 inter
554 989 677 1061 strepere
690 1000 770 1040 anser
782 980 881 1039 olores

212 1081 258 1141 Μ.
277 1082 314 1139 'Id
334 1083 450 1158 quidem
470 1101 535 1159 ago,
557 1093 587 1140 et
607 1086 717 1153 tacitns,
739 1085 856 1161 Lycida,
877 1103 995 1143 mecum
1014 1087 1071 1163 ipse

329 1183 436 1252 voluto,

174 1287 203 1344 si
213 1284 321 1345 valeam
331 1288 494 1345 meminisse
505 1312 513 1358 3
530 1304 624 1364 neque
638 1294 681 1346 est
692 1287 807 1364 ignoble
819 1307 945 1346 carmen.

156 1396 199 1424 ·*“
213 1389 283 1452 Huc
295 1390 371 1457 ades,
383 1409 402 1448 o
415 1390 534 1449 Galatea
542 1414 551 1462 3
564 1392 627 1467 quis
638 1400 682 1450 est
695 1390 862 1449 num-ludus
875 1392 904 1448 in
918 1393 1022 1479 undis?

160 1493 233 1551 ”nic
246 1511 295 1550 ver
307 1511 500 1571 purpureum,
517 1495 607 1553 varios
619 1492 666 1553 hic
678 1494 797 1553 flumina
809 1496 917 1553 circmn
1016 1491 1056 1552 40

176 1595 283 1653 Fundit
296 1594 401 1653 humus
413 1595 497 1654 flores
509 1621 518 1668 3
539 1595 587 1653 hic
599 1597 717 1654 candida
726 1596 847 1674 populus
860 1606 942 1655 antro

172 1696 324 1764 Imminet,
335 1704 365 1754 et
378 1696 471 1755 lentae
484 1706 586 1755 texunt
597 1697 761 1756 umbracula
773 1700 853 1757 sites.

175 1799 245 1856 Huc
253 1799 337 1857 ades:
353 1800 441 1858 insani
455 1800 557 1860 feriant
570 1800 629 1857 sine
642 1798 723 1858 litora
732 1800 863 1858 fluctus.’'

214 1907 252 1965 L.
274 1907 364 1973 Quid,
380 1922 452 1982 quae
463 1913 491 1962 te
504 1922 573 1980 pura
585 1903 677 1962 solum
691 1907 743 1963 sub
756 1914 841 1963 nocte
854 1913 1005 1963 canentem

176 2012 345 2077 Audieram,
364 2028 497 2067 numeros
508 2010 644 2076 memini,
654 2010 677 2066 si
689 2011 774 2067 verba
788 2018 925 2067 tenerem.
1018 2014 1056 2064 45

216 2115 262 2171 M.
285 2119 307 2146 “
317 2109 459 2188 Daphni,‘¹
473 2112 542 2188 quid
554 2112 684 2187 antiquos
698 2113 842 2188 signorum
853 2113 968 2188 suspicis
981 2111 1075 2169 ortus?

176 2220 252 2278 Ecce
265 2215 405 2273 Dionaeie
418 2216 553 2291 processit
568 2214 693 2271 Caesaris
707 2225 812 2271 astrum
824 2217 852 2286 5‘

206 2388 218 2424 d
235 2388 345 2452 Daphnis
360 2402 438 2436 seems
455 2397 480 2434 to
496 2386 527 2434 be
543 2384 656 2433 intended
673 2383 732 2447 only
749 2398 774 2432 as
792 2383 933 2432 afictitious
950 2397 1024 2430 name
1041 2382 1076 2428 lor

176 2495 244 2529 some
256 2478 372 2527 lavoutite
383 2477 509 2539 shepherd.

204 2578 216 2605 θ
233 2570 312 2616 Dione
324 2582 373 2614 was
387 2564 570 2626 assa-nymph,
587 2565 628 2611 the
637 2563 755 2624 daughter
765 2563 792 2609 ol
800 2561 912 2608 Oceanus
923 2561 970 2606 and
978 2559 1078 2622 Tethys,

173 2659 222 2706 and
233 2658 274 2704 the
291 2657 386 2704 mother
396 2656 424 2700 ol
440 2654 522 2700 Venus
542 2652 590 2698 and
600 2652 701 2714 Jupiter.
734 2651 817 2697 Venus
829 2664 877 2697 was
889 2651 930 2696 the
943 2651 1039 2697 mother
1055 2649 1082 2703 ot

176 2746 294 2800 AEnaeus,
307 2744 369 2789 ‚who
382 2756 432 2788 was
449 2742 490 2787 the
506 2740 583 2786 father
593 2740 621 2786 ol
637 2738 755 2787 Ascanius
766 2752 792 2785 or
808 2739 821 2784 J
825 2737 904 2794 ulius;
923 2737 986 2784 from
998 2738 1080 2784 whom

211 2872 223 2909 f
238 2876 260 2921 A
272 2869 418 2920 remarkable
433 2880 517 2915 stator
534 2876 614 2914 comet
624 2868 740 2929 appeared
753 2868 788 2913 for
807 2880 878 2912 seren
891 2867 948 2926 days
966 2867 1081 2926 together,

178 2964 235 3011 alter
244 2964 286 3011 the
303 2961 374 3008 death
385 2962 412 3007 of
426 2957 505 3008 Julius
523 2957 610 3013 Caesar,
629 2957 709 3003 which
724 2971 773 3002 was
790 2956 893 3015 thought
904 2964 929 3001 to
947 2955 1002 3002 bea
1018 2956 1082 3016 sign,

179 3051 233 3098 that
249 3050 287 3095 his
299 3045 352 3094 soul
363 3061 413 3093 was
425 3044 530 3094 received
541 3045 592 3090 into
603 3046 705 3090 heaven.
739 3042 839 3090 Astrum
850 3042 960 3106 properly
977 3044 1083 3103 signifies

178 3153 193 3186 a
205 3137 382 3192 constellation,
400 3151 427 3183 or
438 3135 565 3183 anumber
573 3134 600 3182 ol
608 3142 667 3182 stass
677 3131 760 3191 placed
769 3131 794 3179 in
806 3145 820 3178 a
831 3131 920 3179 certain
933 3131 1018 3188 order.;
1036 3132 1081 3180 but
