2444 3736
576 241 628 328 aa

158 442 311 507 Candidior
322 446 429 526 cycnis,
449 449 533 507 edera
546 448 694 508 formosior
706 448 768 509 alba
779 474 788 522 3
839 432 841 435 ’

157 543 235 606 Cum
248 543 373 626 primum
385 550 455 627 pasti
467 560 596 627 repetent
608 552 749 629 praesepia
761 550 843 618 tauri,

158 651 188 709 Si
201 670 258 728 qua
270 653 312 710 tui
325 651 482 730 Corydonis
494 654 581 713 habet
593 665 623 712 te
635 673 712 722 cura,
732 656 837 712 venito.
996 659 1038 710 40

200 752 233 812 Τ.
253 756 351 813 ltnmo
363 774 417 833 ego
432 754 555 815 Sardois*
568 756 663 816 videar
675 759 726 816 tibi
740 758 859 815 amarior
872 755 978 823 herbis,

160 857 310 916 Horridior
322 859 431 926 ιἰιεοο,ις
450 856 575 937 projecta
587 859 668 918 vilior
681 858 759 936 alga:

159 961 189 1019 Si
203 961 274 1019 mihi
286 980 343 1019 non
355 962 426 1020 haec
437 961 488 1020 lux
501 972 561 1020 toto
570 959 633 1039 jam
645 961 755 1039 longior
764 979 838 1019 anno
850 968 901 1018 est.

159 1061 205 1120 Ite
218 1062 339 1120 domum
352 1064 434 1139 pasti,
455 1065 478 1121 si
490 1065 552 1140 quis
564 1064 666 1141 pudor,
688 1065 726 1121 ite
735 1059 860 1139 juvenci.

202 1162 235 1221 C.
255 1165 382 1224 Muscosi
395 1164 498 1234 fontes,
519 1176 549 1225 et
562 1185 662 1226 somno
675 1164 787 1223 mollior
798 1164 895 1229 herba,
999 1167 1038 1218 45

158 1266 198 1325 Et
210 1284 282 1342 quae
294 1285 344 1325 vos
356 1285 416 1325 rara
427 1269 521 1327 viridis
534 1269 605 1346 tegit
617 1265 746 1348 arbutm¹
759 1267 871 1332 umbra,
919 1267 921 1270 ’
942 1302 946 1311 .

159 1366 317 1426 solstitium
330 1371 423 1446 pecori
436 1369 581 1428 defendite
593 1396 601 1442 3
620 1365 683 1446 jam
695 1369 774 1427 venit
785 1378 872 1426 aestas

159 1472 289 1541 Torrida,
307 1469 370 1549 jam
381 1472 456 1532 laeto
469 1483 583 1552 turgent
597 1476 624 1532 in
639 1473 757 1551 palmite
768 1488 910 1549 geminae.

202 1575 235 1633 T.
255 1577 316 1635 Hic
328 1576 420 1646 focus,
440 1588 470 1637 et
483 1579 580 1636 taedae
589 1591 611 1623 ω
625 1580 755 1657 pingues,
770 1577 818 1634 hic
831 1574 969 1654 plurimus
979 1572 1051 1648 ignis
1101 1592 1103 1597 ’

162 1679 291 1757 Semper,
311 1690 341 1738 et
353 1680 461 1738 assidua
473 1688 566 1757 postes
578 1679 696 1757 fuligine
708 1679 791 1754 nigri:
1001 1671 1042 1731 50

161 1783 221 1842 Hic
234 1791 346 1843 tantum
358 1784 465 1843 Boreae
477 1801 607 1841 curamus
620 1783 732 1860 frigora,
753 1789 892 1857 quantum

161 1887 222 1943 Aut
236 1904 388 1944 numerum
401 1885 494 1965 lupus,
516 1898 564 1944 aut
578 1886 711 1944 torrentia
722 1883 841 1942 flumina
853 1883 935 1959 ripas.

202 1985 234 2044 C.
257 1989 338 2046 Stant
347 1998 376 2046 et
386 1985 522 2064 juniperi,
542 1998 572 2044 et
584 1998 728 2044 castaneae
741 1985 863 2042 hirsutae
876 2009 885 2054 ς

162 2089 252 2147 Strata
261 2086 358 2165 jacent
370 2091 471 2167 passim
485 2109 534 2148 sua
547 2107 658 2166 quaque
672 2089 723 2146 sub
736 2089 835 2144 arbore
849 2103 934 2162 poma
947 2110 954 2154 ;

161 2335 227 2375 went
237 2337 262 2375 to
271 2327 355 2390 Sicily,
372 2331 448 2377 under
458 2330 500 2380 the
510 2329 616 2377 conduct
626 2329 654 2377 ol
661 2327 790 2385 Theoclet,
806 2341 836 2375 an
849 2327 988 2376 Athenian:
1009 2329 1062 2374 that

163 2415 205 2464 the
220 2416 316 2464 ancient
333 2431 417 2464 names
432 2420 459 2466 ol
473 2419 514 2464 the
531 2418 600 2465 other
615 2417 683 2464 cities
700 2430 739 2462 are
756 2418 889 2476 torgotten3
907 2416 952 2464 bnt
968 2416 1022 2463 that
1037 2418 1068 2463 oi

164 2504 246 2569 Hybla
256 2505 276 2554 ic
286 2506 457 2564 remembered,
474 2521 508 2555 on
517 2516 621 2557 account
631 2507 658 2554 oi
666 2507 707 2553 the
717 2504 853 2554 excellence
863 2507 890 2553 ol
897 2506 939 2554 the
951 2505 1063 2566 Hyblean

152 2594 252 2656 honey.

194 2678 204 2716 ¹
220 2681 260 2730 On
271 2683 312 2729 tlte
323 2683 446 2742 authority
456 2683 483 2729 oi
496 2682 657 2739 Dioscorides,
675 2683 855 2744 thepoisonous
865 2680 925 2728 herb
941 2681 969 2728 ol
984 2680 1062 2729 Sardi·

163 2773 213 2831 nia,
223 2771 305 2823 would
317 2787 384 2820 seem
396 2781 421 2819 to
432 2773 462 2819 be
474 2773 515 2820 the
525 2771 679 2819 Rannncnlus
688 2772 793 2820 hirsutus
801 2771 829 2818 of
837 2771 960 2827 Linnaeus,
968 2769 1010 2830 fig·
1023 2780 1064 2818 ut.

193 2858 208 2896 ἴ
224 2861 316 2910 amau
325 2861 449 2918 acutiano,
466 2875 505 2911 sce
517 2861 640 2908 Elementa
650 2862 677 2907 ol
687 2862 788 2923 Botany,
799 2860 867 2908 Clats
877 2860 938 2907 xxii.
947 2858 1024 2908 Order
1033 2869 1060 2907 3.

448 2945 457 2982 ¹
471 2949 575 2997 Artatus
585 2949 669 3007 unedo,
686 2949 727 3010 fig.
741 2960 779 2999 1⁵.

194 3041 214 3070 ¹²¹
233 3034 332 3098 lhedae,
347 3051 387 3087 are
403 3037 520 3089 branches
535 3037 562 3086 ot
576 3037 615 3097 tir,
632 3051 659 3085 or
674 3039 742 3085 other
759 3047 878 3086 unctuons
893 3037 974 3094 wood,
991 3037 1066 3097 easily

164 3122 289 3178 numen.
