2444 3736
584 297 633 370 26

163 491 217 550 Pro
230 489 308 550 molli
322 491 406 561 viola,
426 511 477 571 pro
491 511 632 570 purpureo
645 489 787 560 narcisso,¹

162 595 288 654 Carduus
307 606 336 654 et
346 598 431 675 spinis
444 599 531 674 surgit
543 597 665 675 palimus
673 606 692 632 ¹¹¹
706 597 803 653 acutis.

162 698 291 774 Spargite
303 699 425 757 humum
438 700 521 768 foliis,
542 701 665 758 inducite
677 699 802 757 fontibus
814 699 941 766 umbras,
997 703 1038 756 40

162 799 304 856 Pastores:
327 802 444 858 mandat
456 801 517 858 fieri
530 802 580 858 sibi
593 801 658 858 talia
671 801 807 877 Daphnis.

160 901 198 958 Et
211 901 354 962 tumulum
360 888 461 970 tacite,
482 915 512 961 et
525 902 636 961 tumulo
648 903 826 979 superaddite
838 919 969 959 oannem

160 1001 289 1080 Daphnis
301 1023 356 1081 ego
369 1006 398 1062 in
411 1005 504 1082 sylvis,
524 1006 591 1064 hinc
602 1005 737 1081 usquead
750 1005 839 1062 sidera
850 1012 947 1071 notos,

160 1105 286 1164 Fonnosi
299 1111 406 1184 pecoris
418 1119 521 1176 custos,
542 1109 687 1167 formosior
696 1109 764 1186 ipse.

201 1209 260 1266 Me.
274 1211 344 1268 Tale
358 1222 440 1269 tuum
453 1230 567 1270 cannen
580 1213 670 1279 nobis,
691 1211 784 1267 divine
796 1217 891 1287 poeta,
998 1215 1036 1264 45

161 1310 254 1370 Quale
267 1333 349 1390 sopor
361 1314 438 1372 fessis
451 1317 479 1372 in
492 1318 619 1392 gramine
630 1341 638 1387 3
661 1313 753 1390 quale,
767 1331 819 1390 per
831 1319 942 1370 aestum

159 1412 258 1472 Dulcis
271 1435 358 1492 aquae
371 1417 486 1476 saliente
498 1420 575 1475 sitim
587 1419 758 1494 restInguere
771 1417 840 1474 rivo.

161 1516 227 1574 Nec
240 1517 352 1577 calamis
364 1520 455 1578 solum
468 1524 639 1598 aequiparas,
659 1521 708 1578 sed
722 1537 791 1577 voce
804 1519 988 1594 magistrum

161 1619 312 1678 Fortunate
324 1641 406 1699 puer,
427 1633 460 1681 tu
472 1642 548 1681 nunc
561 1625 614 1680 eris
626 1621 696 1680 alter
709 1624 744 1679 ab
757 1620 814 1678 illo.

162 1721 225 1779 Nos
258 1732 354 1781 tamen
376 1725 447 1782 haec
476 1742 645 1801 quocunque
667 1725 754 1781 modo
786 1723 837 1780 tibi
859 1730 953 1778 nostra
974 1721 1056 1778 vicis·
1080 1718 1083 1726 ’

316 1829 370 1885 sim
998 1830 1038 1879 50

160 1925 297 1985 Dicemus
304 1954 313 1999 3
337 1929 529 2006 Daphninque
542 1938 625 1986 tuum
638 1928 770 1986 tollemus
783 1928 818 1985 ad
831 1936 903 1985 astra
916 1950 923 1996 ς

160 2027 295 2104 Daphnin
308 2031 343 2087 ad
358 2041 428 2089 astra
440 2032 562 2089 feremus
575 2055 581 2086 ε
598 2031 701 2087 amavit
714 2049 764 2086 nos
778 2048 890 2106 quoque
900 2027 1049 2105 Daphnis..

198 2131 259 2186 Mo.
280 2134 329 2188 An
342 2135 495 2209 quidquam
507 2138 587 2194 nobis
600 2133 648 2191 tali
660 2137 695 2192 sit
708 2151 826 2190 munere
838 2128 930 2205 majus
941 2135 950 2189 l

158 2232 197 2290 Et
208 2252 279 2310 puer
291 2236 349 2313 ipse
360 2238 413 2296 fuit
426 2241 527 2296 cantari
541 2240 640 2314 dignus
652 2264 660 2309 3
683 2248 712 2295 et
722 2239 772 2294 ista

160 2335 177 2390 J
179 2351 226 2390 am
240 2336 351 2410 pridem
366 2340 524 2397 Stimichon
537 2340 660 2398 laudavit
673 2339 795 2396 carmina
808 2336 897 2405 nobis.
999 2341 1036 2391 55

198 2437 258 2495 Me.
274 2439 415 2498 Candidus
429 2443 570 2499 insuetum
583 2443 700 2498 miratur
712 2439 800 2495 limen
813 2436 960 2512 olympia

416 2603 424 2642 ¹
435 2607 559 2653 Narcissus
566 2609 680 2671 poeticus,
698 2607 739 2666 fig.
753 2615 792 2653 to.

415 2700 435 2728 ¹¹1
446 2694 566 2741 Rhamnes
573 2696 683 2759 paliurus
693 2695 719 2742 oi
730 2695 850 2742 Linnaeus.

187 2777 330 2842 notympus
347 2781 390 2832 isa
404 2783 465 2842 high
482 2785 607 2830 mountain
628 2785 656 2830 ol
668 2783 795 2844 Thessaly,
812 2796 844 2828 on
856 2781 897 2828 the
913 2779 1010 2827 borders
1026 2775 1055 2824 of

159 2864 310 2924 Macedonia,
328 2871 410 2917 whose
420 2880 460 2932 tqp
471 2872 512 2917 the
522 2881 589 2932 poets
597 2872 690 2931 leigned
701 2883 726 2919 to
737 2872 809 2919 seach
820 2881 845 2918 to
856 2870 949 2916 heaven
959 2884 966 2927 ;
978 2870 1054 2914 hence

159 2955 177 3001 it
195 2958 215 3004 is
230 2960 362 3022 frequently
378 2960 437 3006 used
453 2960 488 3008 lor
504 2938 596 3007 heaien
613 2962 691 3020 itsell3
708 2976 733 3008 as
750 2962 768 3007 it
781 2954 905 3020 ‘evidently
926 2958 991 3006 isin
1008 2959 1057 3003 this

114 3071 117 3078 ·
151 3042 236 3106 place,
253 3048 297 3104 lor,
315 3049 339 3094 in
350 3049 390 3095 the
400 3057 458 3095 next
469 3063 542 3107 verse,
558 3049 669 3111 Daphnis
679 3049 699 3098 is
709 3050 760 3099 said
769 3057 794 3098 to
804 3062 843 3098 see
859 3046 936 3097 under
951 3045 991 3094 his
1000 3046 1059 3103 seer,

159 3141 202 3179 not
211 3132 267 3197 only
279 3137 319 3182 the
330 3133 423 3195 clouds,
441 3139 484 3186 but
494 3151 554 3186 esen
564 3139 606 3186 the
616 3146 683 3188 stare.
