2444 3736
582 297 631 372 60

161 485 218 549 Seu
230 493 401 570 quicumque
411 493 497 561 fluor,
515 495 596 570 (quid
609 502 671 550 tum
684 494 706 549 si
716 491 809 550 friscus
819 493 978 570 Amyntas?

160 596 199 653 Et
208 597 303 673 nigrae
315 597 404 655 violae
413 607 488 667 sunt,
503 607 534 655 et
547 599 668 656 vaccinia
678 596 768 673 nigra)

159 697 281 755 Mecum
293 701 366 758 inter
378 700 473 758 salices
485 699 562 757 lenta
574 701 624 758 sub
637 700 694 756 vite
703 695 811 774 jaceret
821 725 830 770 3
1013 706 1054 756 40

161 802 240 859 Serta
249 802 320 860 mihi
334 804 437 880 Phyllis
449 803 566 881 legeret,
577 811 702 860 cantaret
713 803 863 878 Amyntas.

160 903 220 960 Hic
232 903 317 979 gelidi
329 905 439 975 fontes3
455 904 502 962 hic
515 903 611 962 mollia
623 913 711 980 prata,
726 905 845 980 Lycori3

161 1007 220 1064 Hic
229 1025 347 1079 nemus5
363 1008 410 1067 hic
420 1010 480 1086 ipso
492 1017 588 1066 tecum
600 1025 779 1078 consumerer
791 1026 869 1065 aevo.

161 1111 250 1168 Nunc
262 1112 373 1170 insanus
385 1113 532 1170 amorduri
545 1131 593 1169 me
606 1112 707 1169 Martis
720 1113 748 1168 iu
762 1111 845 1168 annis

161 1216 233 1274 Tela
246 1218 433 1288 intermedia,
448 1228 532 1296 atque
545 1221 671 1277 adversos
685 1219 792 1276 detinet
801 1216 903 1274 hostes.
995 1221 1033 1273 45

162 1321 209 1378 Tu
221 1321 320 1396 procul
332 1341 349 1378 a
360 1325 450 1399 patria
466 1327 533 1398 (nec
544 1325 579 1382 sit
588 1322 659 1381 mihi
673 1323 787 1380 credere
801 1329 912 1378 tantum
925 1317 949 1392 ἔ)

163 1422 292 1501 Alpinas,
307 1424 343 1481 ah
356 1424 434 1492 dura,
449 1425 526 1482 nives
539 1435 569 1482 et
579 1425 681 1500 frigora
694 1422 788 1480 Rheni

160 1526 215 1583 Me
226 1527 286 1584 sine
298 1526 355 1584 sola
367 1528 454 1586 vides.
493 1527 542 1585 Ah
557 1537 585 1584 te
595 1545 631 1584 ne
644 1527 746 1604 frigora
754 1525 880 1583 laedant!

161 1631 211 1688 Ah
224 1633 275 1689 tibi
288 1651 325 1689 ne
339 1642 446 1691 teneras
459 1632 560 1710 glacies
570 1641 647 1689 secet
659 1649 753 1708 aspera
766 1631 893 1707 plantas!

161 1735 227 1804 Ibo,
241 1744 282 1804 et,
297 1736 481 1794 Chalcidicon
497 1745 643 1812 quaesunt
655 1735 726 1791 mihi
738 1734 851 1792 condita
863 1751 945 1790 versu
996 1741 1038 1792 50

162 1839 305 1906 Carmina,
320 1841 434 1916 pastoris
445 1835 549 1896 Siculi⁰
561 1836 727 1894 modulabor
736 1854 832 1892 avena.

163 1941 283 1998 Certum
296 1951 338 1998 est
351 1943 380 1997 in
394 1941 487 2016 sylvis,
499 1941 571 1996 inter
583 1938 689 2014 spelaea
704 1937 826 1994 feramm

161 2044 252 2101 Malle
261 2046 319 2121 pati
330 2046 487 2118 tenerisque
499 2061 578 2100 meos
592 2042 714 2098 incidere
728 2059 836 2096 amores

163 2148 336 2203 Arboribus:
352 2156 479 2203 crescent
489 2146 569 2216 illae3
586 2146 724 2210 crescetis,
739 2162 857 2200 amores.

163 2252 275 2306 Interea
288 2250 384 2305 mixtis
394 2247 517 2304 lustrabo
530 2246 663 2304 Maenala
673 2245 804 2322 nymphis
816 2271 825 2316 5
999 2253 1037 2302 55

164 2354 225 2410 Aut
235 2371 310 2408 acres
323 2353 445 2408 venabor
457 2369 554 2428 apros3
571 2369 629 2408 non
640 2369 687 2406 me
699 2348 756 2405 ulla
765 2351 901 2405 vetabunt

164 2456 277 2532 Frigora
290 2453 471 2512 Partlreniost‘
485 2454 599 2510 canibus
612 2452 784 2509 circumdare
794 2451 885 2508 saltus.

196 2694 209 2721 ¹¹
228 2684 383 2735 Chalcidico..
398 2697 501 2731 ..uersu
519 2682 617 2731 Chalcis
628 2682 647 2728 is
657 2695 671 2727 a
681 2681 730 2740 city
741 2678 768 2724 oi
776 2679 816 2724 the
829 2675 906 2723 island
916 2674 943 2719 oi
952 2672 1059 2731 Euboea,

164 2777 205 2822 the
216 2775 294 2820 native
305 2772 373 2834 place
384 2771 410 2818 of
418 2771 567 2832 Euphorion,
585 2770 670 2815 whose
682 2768 760 2814 works
774 2765 858 2813 Gallus
869 2765 888 2811 is
896 2763 945 2809 said
962 2771 986 2808 to
998 2761 1059 2807 hare

164 2860 292 2908 translated
303 2861 354 2906 into
367 2859 443 2905 Latin.

403 2954 416 2980 ⁰
433 2945 541 2992 Pastoris
551 2943 636 2991 Siculi.
667 2942 819 2990 Theocritus.

195 3045 208 3083 Ρ
225 3036 363 3083 Parthenius
374 3036 419 3084 isa
434 3036 562 3084 mountain
579 3035 606 3082 ot
619 3035 729 3089 Arcadia,
746 3047 773 3079 so
789 3029 874 3085 called,
886 3028 1015 3088 according
1033 3038 1058 3074 to

166 3125 271 3182 Servius,
287 3123 331 3172 arel
347 3128 389 3172 τῶν
403 3122 528 3188 ωαςθίνων,
546 3124 608 3172 trom
630 3123 670 3170 the
688 3119 784 3183 Virgins
800 3119 856 3168 who
877 3116 936 3164 used
953 3126 978 3164 to
994 3117 1061 3164 hunt

166 3214 240 3261 there.
