2444 3736
195 419 301 478 Ducite
313 419 349 475 ab
360 418 432 474 urbe
454 416 584 483 domum,
606 434 671 474 mea
690 417 824 484 carmina,
845 417 939 476 ducite
952 418 1054 496 Daph·

313 520 372 576 nin.
556 590 558 595 ,
837 516 842 525 ’

157 627 253 685 Tema
263 624 313 681 tibi
326 623 396 680 haec
409 623 536 700 primum
548 619 649 698 triplici
663 622 769 678 diversa
781 620 875 678 colore

165 727 249 785 Licia
261 724 417 792 circumdo,
439 732 537 798 terque
550 723 620 780 haec
634 722 729 780 altaria
741 725 849 780 circum

162 828 298 906 Effigiem
312 827 402 898 duc03
423 843 545 882 numero
558 825 638 883 Deus
651 826 758 902 impare
770 824 883 901 gaudet.
965 844 971 855 ·
1002 832 1059 905 75Ι

202 931 309 989 Ducite
322 931 358 986 ab
377 929 448 986 urbe
461 928 591 996 domum,
612 946 678 985 mea
690 929 825 997 carmina,
846 929 940 986 ducite
961 929 1061 1007 Daph·

329 1033 388 1088 nin.

164 1138 261 1196 Necte
276 1136 363 1193 tribus
376 1135 457 1191 nodis
469 1142 574 1201 ternos,
582 1172 587 1191 v·
595 1133 745 1209 Amarylli,
767 1133 892 1204 colores;

166 1240 273 1304 Necte,
287 1234 437 1312 Amarylli,
453 1237 559 1306 m0d05
581 1243 622 1303 et,
636 1236 765 1302 Veneris,
780 1237 836 1304 dic,
850 1237 962 1296 vincula
974 1247 1068 1296 necto.
1121 1266 1124 1271 ·

209 1340 316 1399 Ducite
338 1341 372 1397 ab
390 1340 461 1395 urbe
475 1339 606 1416 domum,
627 1356 692 1396 mea
705 1340 838 1407 carmina,
860 1341 954 1398 ducite
966 1339 1069 1418 Daph·

170 1546 270 1604 Limus
282 1552 315 1601 ut
327 1544 375 1600 hic
387 1544 518 1609 durescit,
540 1550 570 1600 et
582 1542 653 1600 haec
665 1553 698 1600 ut
711 1562 774 1601 cera
786 1543 915 1620 liquescit
1014 1553 1053 1603 80

173 1647 417 1722 Unoeudemque
430 1647 489 1722 igni
502 1669 508 1703 ι
531 1647 570 1704 sic
583 1657 679 1704 nostro
688 1647 818 1725 Daphnis
831 1652 936 1704 arnnre.
955 1649 958 1654 '

176 1753 282 1829 Sparge
296 1749 414 1816 molam,
435 1760 465 1806 et
478 1749 589 1826 fragiles
602 1750 720 1807 incende
732 1751 870 1808 bitumine
883 1749 983 1807 lamus.

174 1853 304 1931 Daphnis
317 1871 365 1910 me
379 1851 469 1908 malus
481 1854 551 1909 urit:
575 1870 629 1928 ego
641 1852 715 1910 hanc
728 1853 756 1908 in
770 1851 923 1929 Daphnide
936 1850 1056 1910 laurum.

215 1955 321 2014 Ducite
341 1956 377 2011 ab
390 1955 460 2010 urbe
482 1954 613 2019 domum,
634 1971 699 2010 mea
712 1955 847 2022 carmina,
868 1954 964 2012 ducite
976 1954 1076 2032 Daph-

332 2057 390 2113 nin.
534 2036 537 2042 .

177 2159 256 2223 Talis
270 2177 350 2217 amor
363 2158 512 2235 Daphnin,
534 2158 633 2234 qualis,
654 2178 723 2216 cum
736 2159 808 2218 sessa
817 2152 974 2235 juvencum
1023 2169 1059 2218 85

175 2267 229 2324 Per
242 2281 358 2320 nemora
371 2272 455 2338 atque
466 2260 536 2319 altos
549 2262 709 2338 quaerendo
723 2262 824 2320 bucula
838 2263 916 2321 lucos
1011 2279 1014 2283 ·

179 2368 298 2443 Propter
311 2381 400 2440 aquae
409 2365 503 2421 rivum
514 2363 595 2420 viridi
608 2365 770 2440 procumbit
781 2366 811 2421 in
823 2364 898 2433 ulva,

180 2467 302 2535 Perdita,
323 2483 376 2523 nec
390 2482 466 2523 serae
479 2465 612 2522 meminit
624 2465 760 2522 decedere
772 2468 860 2534 nocti,

180 2569 258 2630 Talis
269 2587 347 2627 amor
361 2575 466 2634 teneat,
487 2584 540 2623 nec
550 2567 586 2624 sit
598 2567 669 2624 mihi
683 2568 878 2626 cum'mederi.

223 2672 330 2730 Ducite
343 2670 378 2726 ab
398 2670 469 2726 urhe
487 2663 617 2736 demum,
638 2686 703 2726 mea
715 2669 851 2736 earmina,
873 2669 967 2725 ducite
985 2671 1085 2748 Daph-

307 2791 365 2832 mn.

187 2880 250 2938 Has
260 2875 330 2934 olim
343 2875 457 2932 exuvias
470 2872 541 2930 mihi
554 2871 676 2948 perfidus
690 2871 737 2929 ille
748 2871 871 2948 reliquit,
1031 2886 1066 2947 91

188 2982 307 3058 Pignora
320 2996 383 3036 cara
396 2977 438 3035 sui
451 2999 457 3032 ε
481 2993 553 3052 quae
566 2993 642 3031 nunc
655 2993 709 3051 ego
721 2974 820 3032 limine
833 2977 862 3032 in
875 2977 945 3052 ipse,

189 3081 290 3148 Terra,
312 3078 363 3136 tibi
376 3077 501 3147 mand05
524 3075 630 3132 debent
643 3086 673 3131 et
684 3075 801 3152 pignora
813 3075 958 3152 Daphnin,

634 3195 650 3232 a
