2444 3736
586 255 638 321 25'

159 439 180 498 J
180 441 272 499 udicio
285 449 379 500 nostro
392 448 504 500 tantum
516 444 568 502 tibi
581 444 655 501 cedit
667 443 816 518 Amyntas.
852 497 855 504 .

154 539 155 545 '
200 542 262 600 Mo.
279 545 334 601 Sed
344 555 379 602 -tu
393 546 487 603 desine
500 544 590 622 plura,
604 564 693 622 puer3
707 546 888 610 successImus
901 552 988 600 antro

157 646 327 705 Extinctum
336 649 481 725 nymphae
494 648 599 704 crudeli
612 648 709 704 funere
717 647 857 722 *Daphnin
998 651 1037 702 20

160 735 297 804 Flebant:
314 767 362 806 vos
375 748 461 824 coryli
475 758 568 816 testes,
583 759 613 806 et
626 749 743 806 flumina
756 748 888 824 nymphis
901 769 907 803 :

160 850 413 928 Cum,.complexa
426 855 468 910 sui
481 851 750 930 corpusmiserabile
759 853 827 918 nati,

158 951 258 1028 Atque
270 946 348 1013 Deos
362 965 445 1032 atque
458 965 528 1013 astra
541 964 621 1014 voeat
634 955 761 1013 crudelia.
769 964 867 1012 mator.

161 1055 232 1112 Non
244 1046 295 1138 ulli
308 1070 399 1134 pastos
412 1058 464 1115 illis
477 1077 561 1135 egere
574 1059 672 1116 diebus

160 1157 283 1232 Frigida,
295 1159 421 1236 Daphni,
436 1162 521 1218 boves
531 1161 566 1217 ad
578 1160 696 1217 flumina
703 1185 711 1231 3
737 1157 814 1216 nulla
826 1175 919 1233 neque
942 1168 1068 1213 amnem⁴

159 1250 271 1316 Libavit
283 1262 452 1338 quadrupes,
466 1281 519 1319 nee
532 1262 662 1338 graminis
676 1261 765 1336 attigit
779 1261 905 1317 herbam.
998 1256 1037 1314 26

158 1361 287 1439 Daphni,
302 1374 384 1422 tuum
397 1368 504 1424 Poenos
516 1368 601 1424 etiam
616 1365 782 1441 ingemuisse
794 1364 888 1421 leones

158 1464 321 1534 Interitum,
335 1478 502 1544 montesque
515 1468 567 1526 feri
580 1466 728 1544 sylvaeque
740 1467 900 1544 loquuntur.

158 1562 288 1640 Daphnis
301 1575 330 1622 et
342 1567 491 1626 Armenias
503 1577 599 1625 curru!
612 1565 779 1643 subjungere
792 1569 877 1642 tigres

159 1665 285 1724 Instituit
297 1692 306 1736 ;
327 1668 457 1745 Daphnis
470 1667 584 1727 thiasosh
600 1671 731 1727 inducere
745 1669 860 1733 Bacchi,
998 1670 1050 1722 30.

160 1763 285 1826 Etzfolii's
296 1761 386 1828 lentas
400 1773 525 1829 intexere
538 1770 670 1828 mollibus
683 1772 783 1827 hastas

160 1870 235 1927 Vitis
247 1880 279 1928 ut
291 1872 433 1929 arboribus
447 1873 606 1939 decoriest,
620 1882 658 1928 ut
665 1872 873 1935 vitibus-uvares.

160 1972 206 2029 Ut
217 1975 348 2050 gregibus
361 1976 443 2041 tauri,
453 1986 561 2052 segetes
574 1986 606 2031 ut
618 1975 768 2051 pinguibus
781 1973 870 2029 arvis:

160 2076 208 2132 Tu
221 2076 306 2134 decus
318 2095 408 2134 omne,
417 2079 490 2149 tuis;
512 2088 661 2155 postquam
675 2089 704 2134 te
717 2077 773 2133 fata
786 2075 928 2134 tulerunt:

160 2179 226 2255 Ipsa
239 2178 323 2238 Palesi
333 2200 423 2258 agros,
444 2191 528 2258 atque
538 2183 596 2258 ipse
608 2181 720 2257 reliquit
732 2179 847 2257 Apollo.
999 2186 1036 2236 3⁵

161 2279 287 2337 Grandia
299 2299 380 2365 saepe
393 2283 493 2358 quibus
505 2280 699 2340 mandavimus
711 2283 821 2339 hordea
827 2277 920 2352 sulcis,

161 2383 266 2441 Infelix
278 2384 405 2456 lolium,k
426 2398 456 2448 et
467 2387 573 2446 steriles
586 2398 737 2446 nascuntur
749 2406 862 2446 avenae.

448 2663 462 2703 8
475 2656 553 2705 Curru
562 2657 598 2705 sor
607 2659 692 2705 marui.

192 2739 208 2777 ¹²
219 2740 317 2791 Thiasus
327 2757 401 2792 wasa
412 2744 507 2792 solemn
517 2725 612 2806 singing
624 2747 671 2793 and
682 2745 794 2805 daneing.
812 2743 871 2791 used
880 2751 904 2791 at
913 2739 1026 2792 festivals.

192 2826 200 2864 ¹
217 2829 284 2878 Pales
304 2832 324 2878 is
341 2832 384 2879 the
394 2834 495 2894 goddess
511 2833 538 2880 os
552 2833 694 2895 Shepherds.
727 2833 781 2881 'l'he
797 2834 855 2880 feast
873 2832 949 2880 called
962 2831 1058 2892 Palilia,

162 2917 190 2964 in
200 2918 280 2966 which
292 2919 353 2967 milk
369 2934 419 2967 was
429 2920 516 2968 offered
526 2930 551 2968 to
562 2922 614 2978 hev,
631 2935 681 2968 was
691 2921 822 2968 celebrated
839 2935 871 2966 on
882 2922 924 2970 the
933 2904 1062 2971 tweniieth

162 3005 191 3053 of
198 3005 276 3068 April,
291 3021 323 3056 on
334 3007 416 3056 which
427 3007 474 3070 day
485 3007 563 3055 Rome
572 3007 737 3056 was'foonded
748 3007 780 3069 by
792 2990 920 3057 Romulus.

414 3093 429 3130 ¹¹
441 3093 529 3146 dolium
539 3097 701 3162 mimatae,
718 3096 759 3160 fig.
772 3106 810 3150 ιο.
