2444 3736
610 235 633 300 5

216 415 262 474 M.
282 418 324 475 At
336 436 386 476 nos
398 419 475 487 hinc,
490 419 535 477 alii
547 421 670 479 sitientes
684 422 785 480 ibimus
797 423 899 495 Afros;
1010 423 1053 481 δᾶ

123 586 126 591 t
176 519 238 577 Pars
253 521 397 596 Scythiam
409 532 438 580 et
450 523 579 600 rapidum
592 524 694 582 Cretae
706 527 850 583 veniemus
864 526 976 593 Oaxen,
989 522 996 560 ³

176 623 214 680 Et
226 625 336 700 penitus
349 634 409 682 toto
421 626 522 683 divisos
534 628 602 684 orbe
614 628 770 684 Bn'tanuou

176 724 221 780 En
232 742 358 800 unquam
370 726 472 801 patrios
487 724 573 802 longo
585 735 648 803 post
660 736 787 804 tempore
799 726 880 795 fines,

176 828 307 904 Pauperis
318 837 348 886 et
360 831 453 905 tuguri
465 841 630 906 congestum
642 832 746 908 cespite
759 830 883 898 culmen,
1074 907 1076 912 Α

175 930 240 987 Post
252 929 367 1006 aliquot,
388 950 452 1011 mea
463 950 549 1008 regna
560 933 666 1000 videns,
681 934 803 990 mirabor
819 933 930 990 aristas?
1010 936 1050 1000 70

174 1030 282 1107 Impius
295 1031 370 1097 haec,
378 1041 437 1090 tam
449 1032 525 1091 culta
537 1034 644 1096 novalia
656 1034 737 1092 miles
750 1035 884 1092 habebit?
979 1060 982 1065 ,

155 1132 309 1190 *nunnus
320 1132 370 1197 bas
382 1137 508 1210 segetes?
528 1153 576 1202 en,
590 1154 648 1211 quo
659 1117 795 1195 discordia
806 1136 880 1192 cives

172 1233 305 1300 Perduxit
317 1235 449 1293 miseros!
472 1253 519 1304 en,
535 1237 612 1311 queis
625 1236 799 1294 consevimus
811 1235 908 1311 agros!

172 1329 272 1392 Insere
278 1353 365 1401 nunc,
380 1335 534 1403 Meliboee,
553 1355 654 1413 pyros,
675 1355 750 1413 pone
763 1337 859 1395 ordine
870 1337 949 1395 vites.
1061 1395 1065 1403 ,

171 1437 216 1494 Ite
229 1455 320 1505 meae,
332 1436 400 1494 felix
410 1437 552 1513 quondam
564 1456 661 1515 pecus,
675 1439 714 1495 ite
727 1437 858 1515 capellae.
1007 1441 1045 1508 75
1101 1426 1104 1432 ’

170 1539 241 1595 Non
254 1557 308 1615 ego
320 1557 368 1596 vos
380 1539 506 1615 posthac,
520 1540 600 1598 viridi
611 1537 752 1617 projectus
764 1541 795 1598 in
806 1549 897 1609 antro,

114 1647 119 1654 '
171 1639 299 1698 Dumosa
310 1642 432 1717 pendere
444 1638 542 1716 procul
554 1641 592 1698 de
603 1659 673 1717 rupe
683 1641 785 1698 videbo
791 1665 800 1712 3

171 1743 303 1800 Carmina
314 1742 391 1801 nulla
402 1761 502 1818 canam
508 1768 517 1814 ;
539 1760 608 1810 non,
622 1760 670 1798 me
681 1751 824 1818 pascente,
837 1740 969 1818 capellae,

169 1844 330 1903 Florentem
342 1845 484 1921 cytisumlt
498 1853 529 1902 et
540 1844 635 1903 salices
647 1845 763 1920 carpetis
775 1861 889 1903 amaras.
996 1891 1000 1907 ,

209 1945 242 2004 Τ.
256 1947 315 2004 Hic
325 1956 420 2003 tamen
430 1944 626 2003 banemecum
638 1954 747 2022 poteras
755 1945 928 2022 requiescere
937 1949 1053 2003 noctem

170 2049 279 2106 Fronde
291 2065 374 2124 super
386 2047 482 2118 viridi;
504 2054 570 2104 sunt
581 2048 661 2105 nobis
673 2048 753 2105 mitia
763 2066 859 2124 poma,
1007 2053 1043 2106 81

169 2153 322 2209 Castaneae
332 2148 441 2217 molles,
454 2158 484 2207 et
496 2151 581 2225 pressi
593 2151 673 2227 copia
685 2149 780 2222 lactis3
1035 2203 1042 2216 „

168 2257 207 2312 Et
215 2251 278 2330 jam
291 2271 402 2311 summa
414 2252 512 2330 procul
524 2253 653 2312 villarum
666 2253 790 2315 culmina
802 2253 930 2326 fumant,
966 2287 967 2290 η

168 2353 348 2432 Majoresque
360 2356 465 2414 cadunt
476 2354 537 2414 altis
549 2356 585 2412 de
598 2357 740 2414 montibus
752 2356 878 2413 umbrae.

199 2541 309 2593 inam.
342 2549 366 2593 Α
378 2547 475 2596 siverat
484 2549 569 2596 crete,
589 2549 689 2611 Among
699 2549 741 2596 tlte
750 2549 846 2598 ancient
855 2548 1031 2611 authossVirgil
1043 2549 1063 2598 is

166 2632 209 2679 the
219 2631 278 2696 only
286 2648 334 2681 oue
343 2636 399 2682 who
406 2636 527 2684 mentions
534 2649 550 2683 a
557 2637 618 2684 river
625 2636 651 2683 in
659 2635 728 2684 Crete
738 2635 771 2698 by
778 2636 827 2684 this
836 2650 918 2686 name.
925 2635 1004 2699 These
1011 2651 1062 2694 pas

167 2733 198 2767 an
206 2719 301 2769 ancient
312 2722 362 2784 city
373 2722 459 2770 Oaxus
470 2724 495 2771 in
506 2724 555 2771 this
566 2724 652 2782 island,
662 2739 689 2774 as
698 2737 796 2786 appensa
804 2723 836 2787 by
844 2724 991 2782 Herodotus,
1001 2723 1062 2774 'Eeb

165 2810 205 2859 τῆς
216 2808 391 2874 Κςίτιςόαξος
401 2809 476 2866 πόλις.
508 2811 563 2860 The
579 2813 639 2860 rivet
653 2826 703 2860 was
719 2810 834 2876 probably
843 2794 868 2861 in
878 2811 908 2862 its
918 2802 1062 2875 neighbour-

165 2897 236 2946 hood.

421 2978 692 3052 *Melitenam
708 2979 787 3044 fio&
891 3017 894 3023 -
