2444 3736
449 206 616 338 ,νβ

200 448 232 506 Τ.
252 448 374 517 Urbem,
385 465 472 524 quam
481 447 578 506 dicunt
589 449 721 515 Romam,
732 445 889 517 Meliboee,
897 450 994 525 putavi
1013 457 1052 508 20

159 551 265 609 Stultus
276 570 331 628 ego
343 550 409 608 huic
422 559 532 609 nostrae
545 548 678 617 similem,
691 568 748 626 quo
761 567 843 628 supe
854 549 977 612 mmm

159 655 282 712 Pastores
295 655 391 715 ovium
404 663 514 713 teneros
526 651 667 733 depellere
679 651 779 710 foetus
941 707 943 711 Α

162 756 208 812 Sic
221 756 335 812 canibus
347 754 452 812 catulos
464 752 579 821 similes,
597 755 636 811 sie
649 754 783 813 matribus
795 753 903 813 hoedos

162 858 290 928 Noram;
313 857 352 914 sic
366 857 456 932 parvis
468 873 638 931 componere
651 873 754 932 magn:
765 853 900 914 solebam

163 960 272 1017 Verum
285 959 355 1017 haec
368 967 479 1017 tantum
491 957 557 1017 alies
568 959 642 1016 inter
653 968 738 1034 eaput
750 957 852 1016 extulit
862 959 957 1027 iubes,
999 966 1037 1016 25

164 1061 313 1118 Quantum
325 1058 401 1117 lenta
413 1057 503 1117 solent
517 1059 589 1117 inter
601 1059 879 1135 viburnaeeupresi.
1045 1052 1047 1056 ’

204 1163 249 1219 M.
269 1164 308 1220 Et
320 1180 391 1238 quse
401 1170 478 1221 tants
489 1161 544 1220 fuit
557 1162 680 1222 Romam
693 1162 743 1219 tibi
756 1179 837 1221 cause
849 1162 981 1219 videndi?

207 1264 240 1321 T.
261 1265 402 1321 Libertas:
418 1281 501 1340 quae,
515 1282 585 1332 sera,
600 1273 696 1323 temen
708 1267 829 1342 respexit
841 1266 980 1338 inertem3

165 1366 317 1425 Candidior
331 1377 479 1442 postquem
492 1367 620 1425 tondenti
632 1369 718 1425 barba
730 1368 864 1440 cadebam

92 1458 96 1463 ⁴
168 1468 301 1543 Respexit
314 1477 420 1533 tamen,
434 1476 464 1525 et
475 1465 561 1543 longo
572 1476 636 1544 post
648 1475 775 1544 tempore
786 1469 874 1536 venit,
1000 1475 1043 1528 w

166 1572 317 1645 Postquam
329 1588 380 1627 nos
393 1568 544 1645 Amaryllis
557 1569 653 1637 habet,
667 1567 802 1629 Galatear
811 1570 933 1647 reliquit.
1128 1550 1131 1556 ⁵

159 1656 314 1748 Namque,
329 1671 438 1729 satebor
450 1673 539 1739 enim,
554 1672 624 1730 dum
636 1689 685 1729 me
697 1671 814 1731 Galatea
828 1673 953 1741 tenebat,

169 1775 234 1833 Nec
247 1793 308 1851 spes
320 1773 453 1832 libertatis
464 1783 534 1840 erat,
548 1791 601 1830 nec
613 1792 679 1831 cura
690 1773 793 1849 peculi.

169 1877 307 1935 Quamvis
322 1875 412 1935 multa
426 1877 498 1935 meis
511 1877 601 1935 exiret
613 1876 730 1935 victims
740 1877 851 1953 saeptis,
962 1917 963 1921 ,

170 1980 283 2056 Pinguis
294 1988 324 2037 et
337 1979 460 2055 ingratae
471 1981 841 2055 premereturcsseusurbi:
1008 1988 1047 2046 ³3

172 2082 242 2139 Non
255 2100 381 2157 unquam
393 2083 481 2158 gravis
494 2101 557 2140 aere
570 2083 688 2140 domum
701 2084 772 2142 mihi
784 2083 882 2142 dextra
893 2083 1012 2144 redibat.
1063 2135 1066 2142 .

211 2183 256 2240 M.
276 2184 413 2251 Mirabar,
428 2184 496 2258 quid
507 2191 615 2241 moesta
621 2184 714 2252 Deos,
729 2183 879 2262 Antarylli,
892 2203 1018 2262 voearesy
1128 2227 1130 2237 ·

174 2285 229 2341 Cui
242 2284 365 2360 pendere
377 2303 426 2343 sua
437 2284 567 2360 patereris
580 2285 611 2342 in
622 2286 720 2343 arbore
730 2303 824 2364 poma.

173 2389 288 2463 Tityrus
300 2386 366 2444 hine
378 2387 481 2446 aberat.
502 2387 583 2462 Ipsae
595 2395 636 2453 te,
648 2387 757 2464 Tityre,
770 2389 863 2464 pinus,

174 2492 231 2567 Ipsi
245 2498 273 2546 te
286 2489 388 2556 fontes,
403 2487 541 2564 ipsabaec
554 2488 674 2573 arbusta,
687 2490 834 2547 vocabant.
1006 2495 1052 2553 40

176 2703 219 2748 tbe
225 2700 291 2749 word
299 2701 378 2756 lawe,
386 2709 574 2749 commentatore
584 2714 624 2748 ste
632 2699 724 2752 divided
733 2699 759 2749 is
769 2698 832 2749 their
839 2698 966 2769 opinions3
974 2699 1072 2766 itbsng

177 2788 316 2836 sometimes
333 2787 391 2834 used
407 2787 431 2833 io
448 2800 463 2834 a
479 2788 539 2849 good
556 2800 634 2843 sense,
657 2785 707 2834 and
722 2785 863 2834 sometimes
879 2787 936 2835 iss
953 2786 1001 2837 bed
1015 2803 1072 2841 one.

177 2876 250 2936 virgil
262 2877 381 2934 however,
393 2873 491 2936 Martyo
502 2874 621 2932 observes,
637 2874 681 2922 has
692 2888 763 2922 trever
771 2874 831 2922 used
842 2874 941 2924 laevius
950 2877 976 2926 in
985 2892 1001 2927 ι
1010 2879 1074 2942 good

178 2978 257 3020 sense,
272 2971 359 3024 except
375 2961 401 3010 in
417 2969 467 3009 two
482 2960 612 3018 inmiscet,
623 2961 703 3009 where
713 2961 732 3008 it
742 2959 825 3009 relates
835 2971 861 3010 to
871 2964 985 3022 theoder.
1005 2967 1072 3019 Here

177 3054 197 3101 it
206 3053 226 3101 is
236 3049 328 3116 plainly
337 3050 396 3100 used
406 3049 432 3096 in
442 3062 457 3096 s
467 3047 515 3096 bad
525 3061 603 3096 sense.
673 3047 823 3096 trimme
831 3048 938 3115 lema,
954 3053 997 3119 fig,
1004 3063 1030 3105 ς,

375 3130 386 3176 ¹
402 3135 510 3198 Geluts,
527 3136 868 3200 susmeioreshepberdess,
