2444 3736
597 245 642 319 16

207 437 247 497 D.
267 435 355 496 Pollio
367 445 443 494 amat
456 444 589 502 nosmm,
603 433 729 511 quamvis
737 433 773 493 sit
784 434 899 504 mrim,
913 452 1042 495 musam:

167 541 297 605 Pierides,
307 535 425 596 vitulam
437 535 534 594 lectori
546 537 650 612 pascite
662 544 762 594 vetuo.
1008 545 1046 597 85

205 639 252 698 M.
273 636 361 696 Pollio
372 647 403 696 et
415 638 473 714 ipsc
485 635 553 695 facit
565 655 637 694 nova
648 638 784 696 carmina:
799 639 907 716 pascite
920 647 1044 708 taurum,

166 742 233 799 Jam
245 758 332 798 cornu
345 747 433 816 petat,
446 746 476 796 et
488 739 606 816 pedibus
618 738 668 814 qui
680 747 790 815 spargat
801 757 926 797 arenam.

207 842 247 901 D.
267 843 328 900 Qui
338 852 378 908 te,
392 839 491 907 Pollio,
501 848 587 907 amat,
598 841 701 907 veniat,
712 850 808 918 quote
818 859 933 919 quoque
940 843 1059 920 gaudet·

167 942 256 1001 Mella
268 941 357 1000 fluant
370 941 419 1009 illi,
434 940 504 999 ferat
515 951 546 1000 et
557 943 642 1000 mbus
655 960 734 1020 asper
746 952 919 1002 amomum.n

206 1044 251 1102 M.
272 1045 331 1102 Qui
345 1044 463 1101 Barium
475 1062 533 1101 non
545 1043 615 1111 odit,
629 1052 707 1102 amet
717 1054 764 1102 tua
775 1048 910 1115 carmina,
924 1047 1040 1119 Maevi3

165 1149 261 1223 Atque
275 1146 351 1203 idem
359 1142 462 1223 jungat
474 1145 581 1224 vulpes,
595 1155 625 1205 et
634 1147 760 1225 mulgeat
772 1150 873 1208 hircos.
1000 1161 1036 1222 91

205 1249 245 1308 D.
266 1250 325 1309 Qui
337 1248 428 1326 legitis
440 1249 533 1317 flores,
546 1260 576 1309 et
590 1249 671 1309 humi
684 1253 823 1310 nascentia
836 1251 913 1330 linga
920 1278 931 1325 3

165 1352 302 1428 Frigidus,
317 1371 335 1408 o
348 1353 427 1428 pueri
440 1352 530 1428 fugite
542 1352 619 1420 hinc,
633 1352 702 1410 latet
712 1354 811 1431 anguis
823 1354 853 1410 in
865 1354 961 1412 herba.

204 1453 250 1510 M.
270 1454 387 1521 Parcite,
401 1471 477 1520 oves,
492 1455 613 1512 nimium
624 1455 796 1532 procedere3
818 1473 876 1512 non
888 1456 962 1513 bene
974 1455 1049 1531 ripae

164 1557 312 1615 Creditur:
335 1557 393 1633 ipsc
405 1559 474 1614 aries
486 1558 573 1615 etiam
587 1575 663 1615 nunc
675 1556 777 1615 vellera
789 1557 883 1615 siccat.
999 1566 1038 1629 9⁵

203 1656 242 1715 D.
262 1658 372 1733 Tityre,
386 1667 529 1733 pascentes
540 1677 557 1716 a
569 1658 686 1716 flumine
698 1659 772 1716 reice
785 1657 921 1735 mpetu,

163 1759 177 1815 1
178 1777 238 1836 pse,
253 1759 302 1816 ubi
316 1768 427 1835 tempus
438 1761 502 1827 erit,
519 1778 617 1819 omnes
630 1762 659 1818 in
672 1759 751 1818 sonte
763 1758 869 1817 lavabo.

202 1861 248 1918 M.
269 1862 372 1938 Cogite
384 1880 460 1930 oves,
474 1864 571 1940 pueri3
593 1865 616 1922 si
629 1862 672 1920 lac
684 1863 856 1939 praeceperit
868 1871 971 1931 aestus,

163 1962 206 2020 Ut
219 1981 318 2038 nuper,
333 1963 432 2022 frustra
444 1967 628 2042 pressabimus
641 1967 725 2023 ubera
738 1964 846 2042 palmis.

182 2064 222 2120 D.
231 2065 309 2131 Heu,
318 2064 385 2132 heu,
395 2085 480 2141 quam
489 2068 586 2144 pingui
596 2085 691 2124 macer
700 2075 741 2125 est
751 2067 821 2125 mihi
832 2076 925 2125 taurus
935 2069 964 2124 in
974 2068 1054 2126 ervo!

162 2165 244 2222 Idem
257 2184 336 2222 amor
348 2169 467 2225 exitium
480 2171 584 2246 pecori,
598 2171 760 2246 pecorisque
774 2170 914 2246 magistro.
967 2235 969 2239 p
1000 2179 1052 2228 101

92 2251 93 2256 ἵ
200 2267 247 2324 Μ.
262 2269 316 2325 His
326 2278 401 2326 certe
410 2288 502 2344 neque
512 2289 591 2329 amor
600 2289 681 2328 causa
690 2281 746 2328 est:
763 2273 810 2328 vix
820 2273 923 2329 ossibus
931 2271 1057 2331 haerent.

162 2368 267 2427 Nescio
280 2371 352 2446 quis,
367 2381 476 2428 teneros
488 2372 585 2430 oculus
598 2373 668 2430 mihi
678 2373 794 2431 fascinat
805 2392 899 2449 agnos.

199 2474 239 2530 D.
260 2473 327 2540 Dic,
342 2475 442 2549 quibus
456 2476 485 2532 in
498 2477 586 2545 terris,
600 2486 630 2533 et
643 2477 695 2534 eris
708 2477 778 2533 mihi
792 2495 910 2554 magnus
919 2477 1035 2554 Apollo,

158 2577 222 2635 Tris
234 2585 328 2654 pateat
340 2576 411 2635 coeli
425 2580 545 2655 spatium
558 2598 615 2637 non
629 2579 747 2657 amplius
759 2579 846 2637 ulnas.
980 2589 1034 2639 105

198 2679 244 2735 M.
265 2679 332 2746 Dic,
347 2680 447 2755 quibus
461 2681 490 2736 in
503 2682 581 2738 terris
594 2683 716 2760 inscripti
729 2684 844 2740 nomina
855 2701 956 2759 regum

160 2779 318 2839 Nascantur
330 2779 438 2849 flores,⁰
449 2792 479 2840 et
491 2783 616 2860 Phyllida
628 2785 701 2843 solus
714 2787 826 2844 habeto.

187 2950 207 2978 ¹¹1
216 2944 276 2992 This
287 2961 336 2993 was
346 2949 566 3010 asweetsmelling
576 2951 657 3012 plant3
670 2952 714 3000 but
725 2954 791 3001 what
802 2954 843 3001 the
853 2963 905 3004 true
914 2955 1051 3006 Amastrum

158 3032 185 3078 ol
194 3032 235 3079 the
244 3034 351 3081 ancients
360 3049 409 3082 was
421 3036 463 3081 has
475 3047 517 3084 not
528 3037 588 3085 been
598 3039 751 3087 determined.

190 3126 203 3155 ¹¹
213 3120 384 3186 -iuscrt'ptt'
393 3124 489 3172 nomina
498 3139 575 3188 regum
584 3126 719 3177 Nascantur
719 3129 847 3192 stores-is
857 3132 974 3194 supposed
984 3143 1009 3183 to
1019 3132 1052 3182 al·
