<?xml version="1.0" encoding="UTF-8"?>
<!DOCTYPE html PUBLIC "-//W3C//DTD XHTML 1.0 Transitional//EN"
    "http://www.w3.org/TR/xhtml1/DTD/xhtml1-transitional.dtd">
<html xmlns="http://www.w3.org/1999/xhtml" xml:lang="en" lang="en">
 <head>
  <title>
</title>
<meta http-equiv="Content-Type" content="text/html;charset=utf-8" />
  <meta name='ocr-system' content='tesseract 3.04.00' />
  <meta name='ocr-capabilities' content='ocr_page ocr_carea ocr_par ocr_line ocrx_word'/>
</head>
<body>
  <div class='ocr_page' id='page_1' title='image "./pubvirgiliimaro01marogoog/pubvirgiliimaro01marogoog_0015.png"; bbox 0 0 2444 3736; ppageno 0'>
   <div class='ocr_carea' id='block_1_1' title="bbox 652 283 681 348">
    <p class='ocr_par' dir='ltr' id='par_1_1' title="bbox 652 283 681 348">
     <span class='ocr_line' id='line_1_1' title="bbox 652 283 681 348; baseline 0 0"><span class='ocrx_word' id='word_1_1' title='bbox 652 283 681 348; x_wconf 58' lang='grc' dir='ltr'><strong><em>ἰ</em></strong></span> 
     </span>
    </p>
   </div>
   <div class='ocr_carea' id='block_1_2' title="bbox 199 461 1116 2170">
    <p class='ocr_par' dir='ltr' id='par_1_2' title="bbox 199 461 884 542">
     <span class='ocr_line' id='line_1_2' title="bbox 199 461 884 542; baseline -0.003 -18"><span class='ocrx_word' id='word_1_2' title='bbox 199 461 201 466; x_wconf 74' lang='grc'><strong>’</strong></span> <span class='ocrx_word' id='word_1_3' title='bbox 215 467 278 524; x_wconf 84' lang='lat' dir='ltr'>Nos</span> <span class='ocrx_word' id='word_1_4' title='bbox 290 466 393 542; x_wconf 83' lang='lat' dir='ltr'>patriae</span> <span class='ocrx_word' id='word_1_5' title='bbox 405 463 474 523; x_wconf 76' lang='lat' dir='ltr'>does</span> <span class='ocrx_word' id='word_1_6' title='bbox 487 475 516 523; x_wconf 84' lang='lat' dir='ltr'>et</span> <span class='ocrx_word' id='word_1_7' title='bbox 526 463 620 525; x_wconf 75' lang='lat' dir='ltr'>dulcia</span> <span class='ocrx_word' id='word_1_8' title='bbox 631 464 784 542; x_wconf 79' lang='lat' dir='ltr'><strong>linquimus</strong></span> <span class='ocrx_word' id='word_1_9' title='bbox 797 484 884 538; x_wconf 61' lang='lat' dir='ltr'>arvay.</span> 
     </span>
    </p>

    <p class='ocr_par' dir='ltr' id='par_1_3' title="bbox 216 563 1018 643">
     <span class='ocr_line' id='line_1_3' title="bbox 216 563 1018 643; baseline 0.004 -19"><span class='ocrx_word' id='word_1_10' title='bbox 216 567 278 624; x_wconf 87' lang='lat' dir='ltr'>Nos</span> <span class='ocrx_word' id='word_1_11' title='bbox 290 566 408 642; x_wconf 89' lang='lat' dir='ltr'>patriam</span> <span class='ocrx_word' id='word_1_12' title='bbox 421 565 560 642; x_wconf 87' lang='lat' dir='ltr'>fugimus:</span> <span class='ocrx_word' id='word_1_13' title='bbox 583 563 626 634; x_wconf 88' lang='lat' dir='ltr'>tu,</span> <span class='ocrx_word' id='word_1_14' title='bbox 639 567 748 643; x_wconf 77' lang='lat' dir='ltr'>Tityre,</span> <span class='ocrx_word' id='word_1_15' title='bbox 763 567 854 626; x_wconf 87' lang='lat' dir='ltr'>lentus</span> <span class='ocrx_word' id='word_1_16' title='bbox 868 571 898 626; x_wconf 89' lang='lat' dir='ltr'>in</span> <span class='ocrx_word' id='word_1_17' title='bbox 911 572 1018 628; x_wconf 58' lang='lat' dir='ltr'>utrlora³</span> 
     </span>
    </p>

    <p class='ocr_par' dir='ltr' id='par_1_4' title="bbox 215 667 1098 836">
     <span class='ocr_line' id='line_1_4' title="bbox 215 667 1098 744; baseline 0.002 -17"><span class='ocrx_word' id='word_1_18' title='bbox 215 670 376 727; x_wconf 80' lang='lat' dir='ltr'>Formosam</span> <span class='ocrx_word' id='word_1_19' title='bbox 389 685 516 724; x_wconf 89' lang='lat' dir='ltr'>resonare</span> <span class='ocrx_word' id='word_1_20' title='bbox 528 667 807 743; x_wconf 72' lang='lat' dir='ltr'>dooesAmaryllida⁰</span> <span class='ocrx_word' id='word_1_21' title='bbox 819 668 915 744; x_wconf 87' lang='lat' dir='ltr'>sylvas.</span> <span class='ocrx_word' id='word_1_22' title='bbox 1071 680 1098 729; x_wconf 75' lang='lat'>5·</span> 
     </span>
     <span class='ocr_line' id='line_1_5' title="bbox 256 767 976 836; baseline 0.001 -9"><span class='ocrx_word' id='word_1_23' title='bbox 256 769 289 827; x_wconf 76' lang='lat' dir='ltr'>T.</span> <span class='ocrx_word' id='word_1_24' title='bbox 308 769 342 827; x_wconf 82' lang='grc' dir='ltr'><strong>Ο</strong></span> <span class='ocrx_word' id='word_1_25' title='bbox 351 767 506 836; x_wconf 78' lang='lat' dir='ltr'>Meliboee,</span> <span class='ocrx_word' id='word_1_26' title='bbox 520 767 621 826; x_wconf 78' lang='lat' dir='ltr'>Deusd</span> <span class='ocrx_word' id='word_1_27' title='bbox 634 771 720 826; x_wconf 80' lang='lat' dir='ltr'>nobis</span> <span class='ocrx_word' id='word_1_28' title='bbox 729 769 798 826; x_wconf 89' lang='lat' dir='ltr'>haec</span> <span class='ocrx_word' id='word_1_29' title='bbox 811 773 868 828; x_wconf 90' lang='lat' dir='ltr'>otia</span> <span class='ocrx_word' id='word_1_30' title='bbox 881 770 958 828; x_wconf 88' lang='lat' dir='ltr'>fecit.</span> <span class='ocrx_word' id='word_1_31' title='bbox 973 796 976 801; x_wconf 88' lang='lat'>·</span> 
     </span>
    </p>

    <p class='ocr_par' dir='ltr' id='par_1_5' title="bbox 215 868 974 947">
     <span class='ocr_line' id='line_1_6' title="bbox 215 868 974 947; baseline -0.001 -17"><span class='ocrx_word' id='word_1_32' title='bbox 215 871 414 947; x_wconf 84' lang='lat' dir='ltr'>Namque-erit</span> <span class='ocrx_word' id='word_1_33' title='bbox 426 868 473 926; x_wconf 85' lang='lat' dir='ltr'>ille</span> <span class='ocrx_word' id='word_1_34' title='bbox 486 869 556 932; x_wconf 81' lang='lat' dir='ltr'>mihi</span> <span class='ocrx_word' id='word_1_35' title='bbox 570 887 681 946; x_wconf 81' lang='lat' dir='ltr'>semper</span> <span class='ocrx_word' id='word_1_36' title='bbox 694 871 790 941; x_wconf 69' lang='lat' dir='ltr'>Deus,</span> <span class='ocrx_word' id='word_1_37' title='bbox 813 870 885 928; x_wconf 86' lang='lat' dir='ltr'>illius</span> <span class='ocrx_word' id='word_1_38' title='bbox 897 891 974 929; x_wconf 87' lang='lat' dir='ltr'>atam</span> 
     </span>
    </p>

    <p class='ocr_par' dir='ltr' id='par_1_6' title="bbox 216 960 915 1050">
     <span class='ocr_line' id='line_1_7' title="bbox 216 960 915 1050; baseline -0.001 -18"><span class='ocrx_word' id='word_1_39' title='bbox 216 975 306 1050; x_wconf 86' lang='lat' dir='ltr'>Saepe</span> <span class='ocrx_word' id='word_1_40' title='bbox 316 983 396 1030; x_wconf 89' lang='lat' dir='ltr'>tener</span> <span class='ocrx_word' id='word_1_41' title='bbox 408 960 511 1030; x_wconf 73' lang='lat' dir='ltr'>nostris⁴</span> <span class='ocrx_word' id='word_1_42' title='bbox 517 973 554 1029; x_wconf 92' lang='lat' dir='ltr'>ab</span> <span class='ocrx_word' id='word_1_43' title='bbox 566 970 683 1029; x_wconf 80' lang='lat' dir='ltr'>ouilibus</span> <span class='ocrx_word' id='word_1_44' title='bbox 697 973 807 1031; x_wconf 85' lang='lat' dir='ltr'>imbuet</span> <span class='ocrx_word' id='word_1_45' title='bbox 819 962 915 1049; x_wconf 75' lang='lat' dir='ltr'>agnus.</span> 
     </span>
    </p>

    <p class='ocr_par' dir='ltr' id='par_1_7' title="bbox 212 1053 874 1152">
     <span class='ocr_line' id='line_1_8' title="bbox 212 1053 874 1152; baseline -0.005 -17"><span class='ocrx_word' id='word_1_46' title='bbox 212 1069 266 1135; x_wconf 86' lang='lat' dir='ltr'>Ille</span> <span class='ocrx_word' id='word_1_47' title='bbox 279 1093 356 1133; x_wconf 87' lang='lat' dir='ltr'>meas</span> <span class='ocrx_word' id='word_1_48' title='bbox 367 1092 458 1132; x_wconf 84' lang='lat' dir='ltr'>errare</span> <span class='ocrx_word' id='word_1_49' title='bbox 470 1053 565 1142; x_wconf 69' lang='lat' dir='ltr'>boues,</span> <span class='ocrx_word' id='word_1_50' title='bbox 579 1088 613 1132; x_wconf 92' lang='lat' dir='ltr'>ut</span> <span class='ocrx_word' id='word_1_51' title='bbox 624 1076 725 1142; x_wconf 87' lang='lat' dir='ltr'>cernis,</span> <span class='ocrx_word' id='word_1_52' title='bbox 738 1086 769 1132; x_wconf 89' lang='lat' dir='ltr'>et</span> <span class='ocrx_word' id='word_1_53' title='bbox 782 1076 874 1152; x_wconf 86' lang='lat' dir='ltr'>ipsum</span> 
     </span>
    </p>

    <p class='ocr_par' dir='ltr' id='par_1_8' title="bbox 214 1177 1116 1356">
     <span class='ocr_line' id='line_1_9' title="bbox 214 1177 1098 1254; baseline -0.002 -16"><span class='ocrx_word' id='word_1_54' title='bbox 214 1181 335 1246; x_wconf 90' lang='lat' dir='ltr'>Ludere,</span> <span class='ocrx_word' id='word_1_55' title='bbox 349 1196 421 1254; x_wconf 89' lang='lat' dir='ltr'>quae</span> <span class='ocrx_word' id='word_1_56' title='bbox 433 1177 547 1245; x_wconf 86' lang='lat' dir='ltr'>vellem,</span> <span class='ocrx_word' id='word_1_57' title='bbox 565 1177 672 1235; x_wconf 88' lang='lat' dir='ltr'>calamo</span> <span class='ocrx_word' id='word_1_58' title='bbox 684 1179 812 1254; x_wconf 85' lang='lat' dir='ltr'>permisit</span> <span class='ocrx_word' id='word_1_59' title='bbox 824 1179 933 1254; x_wconf 85' lang='lat' dir='ltr'>agresti.</span> <span class='ocrx_word' id='word_1_60' title='bbox 1056 1189 1098 1236; x_wconf 80' lang='lat'>10·</span> 
     </span>
     <span class='ocr_line' id='line_1_10' title="bbox 254 1279 1116 1356; baseline 0.001 -18"><span class='ocrx_word' id='word_1_61' title='bbox 254 1280 300 1338; x_wconf 87' lang='lat' dir='ltr'>M.</span> <span class='ocrx_word' id='word_1_62' title='bbox 315 1280 384 1338; x_wconf 87' lang='lat' dir='ltr'>Nou</span> <span class='ocrx_word' id='word_1_63' title='bbox 396 1279 529 1354; x_wconf 74' lang='lat' dir='ltr'>equidem</span> <span class='ocrx_word' id='word_1_64' title='bbox 541 1279 669 1350; x_wconf 77' lang='lat' dir='ltr'>inuide03</span> <span class='ocrx_word' id='word_1_65' title='bbox 685 1281 771 1337; x_wconf 85' lang='lat' dir='ltr'>miror</span> <span class='ocrx_word' id='word_1_66' title='bbox 780 1281 884 1356; x_wconf 80' lang='lat' dir='ltr'>magis:</span> <span class='ocrx_word' id='word_1_67' title='bbox 907 1281 1033 1356; x_wconf 84' lang='lat' dir='ltr'>undique</span> <span class='ocrx_word' id='word_1_68' title='bbox 1044 1283 1116 1339; x_wconf 73' lang='lat' dir='ltr'>totis</span> 
     </span>
    </p>

    <p class='ocr_par' dir='ltr' id='par_1_9' title="bbox 213 1378 914 1458">
     <span class='ocr_line' id='line_1_11' title="bbox 213 1378 914 1458; baseline -0.004 -19"><span class='ocrx_word' id='word_1_69' title='bbox 213 1382 314 1458; x_wconf 89' lang='lat' dir='ltr'>Usque</span> <span class='ocrx_word' id='word_1_70' title='bbox 325 1381 396 1438; x_wconf 85' lang='lat' dir='ltr'>adeo</span> <span class='ocrx_word' id='word_1_71' title='bbox 408 1379 535 1436; x_wconf 88' lang='lat' dir='ltr'>turbatur</span> <span class='ocrx_word' id='word_1_72' title='bbox 547 1379 627 1454; x_wconf 79' lang='lat' dir='ltr'>agris</span> <span class='ocrx_word' id='word_1_73' title='bbox 665 1381 717 1436; x_wconf 79' lang='lat' dir='ltr'>Em</span> <span class='ocrx_word' id='word_1_74' title='bbox 724 1380 784 1455; x_wconf 86' lang='lat' dir='ltr'>ipse</span> <span class='ocrx_word' id='word_1_75' title='bbox 796 1378 914 1455; x_wconf 89' lang='lat' dir='ltr'>capellas</span> 
     </span>
    </p>

    <p class='ocr_par' dir='ltr' id='par_1_10' title="bbox 212 1479 1005 1563">
     <span class='ocr_line' id='line_1_12' title="bbox 212 1479 1005 1563; baseline -0.008 -20"><span class='ocrx_word' id='word_1_76' title='bbox 212 1485 347 1543; x_wconf 87' lang='lat' dir='ltr'>Protenus</span> <span class='ocrx_word' id='word_1_77' title='bbox 357 1499 438 1560; x_wconf 84' lang='lat' dir='ltr'>aeger</span> <span class='ocrx_word' id='word_1_78' title='bbox 451 1499 504 1563; x_wconf 85' lang='lat' dir='ltr'>ago</span> <span class='ocrx_word' id='word_1_79' title='bbox 511 1504 522 1552; x_wconf 65' lang='grc' dir='ltr'>ς</span> <span class='ocrx_word' id='word_1_80' title='bbox 542 1479 616 1541; x_wconf 88' lang='lat' dir='ltr'>hanc</span> <span class='ocrx_word' id='word_1_81' title='bbox 628 1481 715 1539; x_wconf 89' lang='lat' dir='ltr'>etiam</span> <span class='ocrx_word' id='word_1_82' title='bbox 726 1481 785 1547; x_wconf 83' lang='lat' dir='ltr'>vix,</span> <span class='ocrx_word' id='word_1_83' title='bbox 799 1481 908 1554; x_wconf 87' lang='lat' dir='ltr'>Tityre,</span> <span class='ocrx_word' id='word_1_84' title='bbox 923 1480 1005 1537; x_wconf 88' lang='lat' dir='ltr'>duco.</span> 
     </span>
    </p>

    <p class='ocr_par' dir='ltr' id='par_1_11' title="bbox 213 1581 978 1660">
     <span class='ocr_line' id='line_1_13' title="bbox 213 1581 978 1660; baseline -0.007 -16"><span class='ocrx_word' id='word_1_85' title='bbox 213 1587 272 1644; x_wconf 89' lang='lat' dir='ltr'>Hic</span> <span class='ocrx_word' id='word_1_86' title='bbox 285 1587 358 1643; x_wconf 87' lang='lat' dir='ltr'>inter</span> <span class='ocrx_word' id='word_1_87' title='bbox 368 1584 466 1642; x_wconf 84' lang='lat' dir='ltr'>densas</span> <span class='ocrx_word' id='word_1_88' title='bbox 478 1581 586 1660; x_wconf 77' lang='lat' dir='ltr'>corylos</span> <span class='ocrx_word' id='word_1_89' title='bbox 598 1584 685 1640; x_wconf 91' lang='lat' dir='ltr'>modo</span> <span class='ocrx_word' id='word_1_90' title='bbox 698 1601 821 1660; x_wconf 89' lang='lat' dir='ltr'>namque</span> <span class='ocrx_word' id='word_1_91' title='bbox 833 1582 978 1658; x_wconf 87' lang='lat' dir='ltr'>gemellos,</span> 
     </span>
    </p>

    <p class='ocr_par' dir='ltr' id='par_1_12' title="bbox 215 1683 1093 1766">
     <span class='ocr_line' id='line_1_14' title="bbox 215 1683 1093 1766; baseline -0.003 -19"><span class='ocrx_word' id='word_1_92' title='bbox 215 1691 302 1766; x_wconf 89' lang='lat' dir='ltr'>Spem</span> <span class='ocrx_word' id='word_1_93' title='bbox 315 1687 417 1764; x_wconf 81' lang='lat' dir='ltr'>gregis,</span> <span class='ocrx_word' id='word_1_94' title='bbox 431 1684 485 1745; x_wconf 88' lang='lat' dir='ltr'>ah!</span> <span class='ocrx_word' id='word_1_95' title='bbox 508 1684 584 1744; x_wconf 84' lang='lat' dir='ltr'>silice</span> <span class='ocrx_word' id='word_1_96' title='bbox 597 1687 626 1742; x_wconf 89' lang='lat' dir='ltr'>in</span> <span class='ocrx_word' id='word_1_97' title='bbox 639 1686 714 1743; x_wconf 86' lang='lat' dir='ltr'>nuda</span> <span class='ocrx_word' id='word_1_98' title='bbox 727 1687 847 1742; x_wconf 68' lang='lat' dir='ltr'>connium</span> <span class='ocrx_word' id='word_1_99' title='bbox 859 1683 979 1760; x_wconf 88' lang='lat' dir='ltr'>reliquit.</span> <span class='ocrx_word' id='word_1_100' title='bbox 1054 1695 1093 1745; x_wconf 66' lang='lat' dir='ltr'>to</span> 
     </span>
    </p>

    <p class='ocr_par' dir='ltr' id='par_1_13' title="bbox 213 1786 999 1867">
     <span class='ocr_line' id='line_1_15' title="bbox 213 1786 999 1867; baseline -0.005 -19"><span class='ocrx_word' id='word_1_101' title='bbox 213 1793 302 1867; x_wconf 86' lang='lat' dir='ltr'>Saepe</span> <span class='ocrx_word' id='word_1_102' title='bbox 314 1788 422 1847; x_wconf 89' lang='lat' dir='ltr'>malum</span> <span class='ocrx_word' id='word_1_103' title='bbox 434 1789 489 1847; x_wconf 85' lang='lat' dir='ltr'>hoc</span> <span class='ocrx_word' id='word_1_104' title='bbox 502 1790 592 1856; x_wconf 81' lang='lat' dir='ltr'>uobis,</span> <span class='ocrx_word' id='word_1_105' title='bbox 605 1789 630 1846; x_wconf 80' lang='lat' dir='ltr'>si</span> <span class='ocrx_word' id='word_1_106' title='bbox 641 1807 726 1846; x_wconf 85' lang='lat' dir='ltr'>mens</span> <span class='ocrx_word' id='word_1_107' title='bbox 734 1806 796 1845; x_wconf 85' lang='lat' dir='ltr'>non.</span> <span class='ocrx_word' id='word_1_108' title='bbox 804 1786 881 1845; x_wconf 84' lang='lat' dir='ltr'>laeva</span> <span class='ocrx_word' id='word_1_109' title='bbox 893 1787 999 1856; x_wconf 74' lang='lat' dir='ltr'>suisset,</span> 
     </span>
    </p>

    <p class='ocr_par' dir='ltr' id='par_1_14' title="bbox 211 1890 892 1967">
     <span class='ocr_line' id='line_1_16' title="bbox 211 1890 892 1967; baseline -0.007 -15"><span class='ocrx_word' id='word_1_110' title='bbox 211 1894 259 1952; x_wconf 90' lang='lat' dir='ltr'>De</span> <span class='ocrx_word' id='word_1_111' title='bbox 270 1890 354 1950; x_wconf 82' lang='lat' dir='ltr'>coelo</span> <span class='ocrx_word' id='word_1_112' title='bbox 362 1899 451 1950; x_wconf 36' lang='lat' dir='ltr'>tactas&lt;</span> <span class='ocrx_word' id='word_1_113' title='bbox 460 1893 581 1951; x_wconf 84' lang='lat' dir='ltr'>tuemini</span> <span class='ocrx_word' id='word_1_114' title='bbox 592 1891 752 1967; x_wconf 86' lang='lat' dir='ltr'>praedioere</span> <span class='ocrx_word' id='word_1_115' title='bbox 764 1908 892 1967; x_wconf 79' lang='lat' dir='ltr'>queretu.</span> 
     </span>
    </p>

    <p class='ocr_par' dir='ltr' id='par_1_15' title="bbox 211 1991 922 2070">
     <span class='ocr_line' id='line_1_17' title="bbox 211 1991 922 2070; baseline -0.007 -17"><span class='ocrx_word' id='word_1_116' title='bbox 211 1996 300 2070; x_wconf 81' lang='lat' dir='ltr'>Saepe</span> <span class='ocrx_word' id='word_1_117' title='bbox 311 1993 419 2051; x_wconf 85' lang='lat' dir='ltr'>sinistra</span> <span class='ocrx_word' id='word_1_118' title='bbox 430 2010 497 2050; x_wconf 83' lang='lat' dir='ltr'>cava</span> <span class='ocrx_word' id='word_1_119' title='bbox 509 1993 646 2068; x_wconf 77' lang='lat' dir='ltr'>praedixit</span> <span class='ocrx_word' id='word_1_120' title='bbox 658 1994 696 2050; x_wconf 90' lang='lat' dir='ltr'>ab</span> <span class='ocrx_word' id='word_1_121' title='bbox 707 1991 789 2049; x_wconf 77' lang='lat' dir='ltr'>ilice‘</span> <span class='ocrx_word' id='word_1_122' title='bbox 802 1993 922 2049; x_wconf 71' lang='lat' dir='ltr'>cornix.e</span> 
     </span>
    </p>

    <p class='ocr_par' dir='ltr' id='par_1_16' title="bbox 212 2092 948 2170">
     <span class='ocr_line' id='line_1_18' title="bbox 212 2092 948 2170; baseline -0.004 -15"><span class='ocrx_word' id='word_1_123' title='bbox 212 2092 269 2155; x_wconf 79' lang='lat' dir='ltr'>Sed</span> <span class='ocrx_word' id='word_1_124' title='bbox 280 2102 387 2161; x_wconf 58' lang='lat' dir='ltr'>tamem</span> <span class='ocrx_word' id='word_1_125' title='bbox 400 2092 455 2152; x_wconf 82' lang='lat' dir='ltr'>iste</span> <span class='ocrx_word' id='word_1_126' title='bbox 464 2093 543 2151; x_wconf 83' lang='lat' dir='ltr'>Deus</span> <span class='ocrx_word' id='word_1_127' title='bbox 556 2094 605 2169; x_wconf 79' lang='lat' dir='ltr'>qui</span> <span class='ocrx_word' id='word_1_128' title='bbox 617 2094 662 2162; x_wconf 75' lang='lat' dir='ltr'>eit,</span> <span class='ocrx_word' id='word_1_129' title='bbox 677 2093 726 2161; x_wconf 88' lang='lat' dir='ltr'>da,</span> <span class='ocrx_word' id='word_1_130' title='bbox 736 2095 846 2170; x_wconf 80' lang='lat' dir='ltr'>Tityre,</span> <span class='ocrx_word' id='word_1_131' title='bbox 860 2096 948 2153; x_wconf 78' lang='lat' dir='ltr'>nobis.</span> 
     </span>
    </p>
   </div>
   <div class='ocr_carea' id='block_1_3' title="bbox 205 2265 1113 3038">
    <p class='ocr_par' dir='ltr' id='par_1_17' title="bbox 205 2265 1113 2591">
     <span class='ocr_line' id='line_1_19' title="bbox 210 2265 1113 2330; baseline -0.004 -14"><span class='ocrx_word' id='word_1_132' title='bbox 210 2267 239 2316; x_wconf 76' lang='lat' dir='ltr'>oi</span> <span class='ocrx_word' id='word_1_133' title='bbox 251 2275 293 2316; x_wconf 80' lang='lat' dir='ltr'>ost</span> <span class='ocrx_word' id='word_1_134' title='bbox 302 2267 351 2316; x_wconf 79' lang='lat' dir='ltr'>aad</span> <span class='ocrx_word' id='word_1_135' title='bbox 360 2267 440 2315; x_wconf 76' lang='lat' dir='ltr'>whest</span> <span class='ocrx_word' id='word_1_136' title='bbox 450 2275 538 2328; x_wconf 65' lang='lat' dir='ltr'>stratu</span> <span class='ocrx_word' id='word_1_137' title='bbox 554 2268 613 2315; x_wconf 83' lang='lat' dir='ltr'>then</span> <span class='ocrx_word' id='word_1_138' title='bbox 622 2267 650 2315; x_wconf 80' lang='lat' dir='ltr'>of</span> <span class='ocrx_word' id='word_1_139' title='bbox 664 2267 741 2325; x_wconf 82' lang='lat' dir='ltr'>reeds,</span> <span class='ocrx_word' id='word_1_140' title='bbox 755 2267 804 2315; x_wconf 86' lang='lat' dir='ltr'>aod</span> <span class='ocrx_word' id='word_1_141' title='bbox 819 2265 909 2314; x_wconf 71' lang='lat' dir='ltr'>sorrow</span> <span class='ocrx_word' id='word_1_142' title='bbox 926 2267 990 2330; x_wconf 81' lang='lat' dir='ltr'>pipts</span> <span class='ocrx_word' id='word_1_143' title='bbox 1000 2267 1026 2312; x_wconf 79' lang='lat' dir='ltr'>oi</span> <span class='ocrx_word' id='word_1_144' title='bbox 1041 2265 1113 2326; x_wconf 61' lang='lat' dir='ltr'>bon</span> 
     </span>
     <span class='ocr_line' id='line_1_20' title="bbox 209 2354 1106 2417; baseline -0.004 -11"><span class='ocrx_word' id='word_1_145' title='bbox 209 2356 346 2405; x_wconf 68' lang='lat' dir='ltr'>afterwards</span> <span class='ocrx_word' id='word_1_146' title='bbox 355 2356 383 2402; x_wconf 79' lang='lat' dir='ltr'>of</span> <span class='ocrx_word' id='word_1_147' title='bbox 390 2356 432 2403; x_wconf 86' lang='lat' dir='ltr'>the</span> <span class='ocrx_word' id='word_1_148' title='bbox 441 2354 564 2417; x_wconf 80' lang='lat' dir='ltr'>leg-boues</span> <span class='ocrx_word' id='word_1_149' title='bbox 574 2357 601 2402; x_wconf 82' lang='lat' dir='ltr'>ot</span> <span class='ocrx_word' id='word_1_150' title='bbox 609 2369 702 2412; x_wconf 79' lang='lat' dir='ltr'>omnes,</span> <span class='ocrx_word' id='word_1_151' title='bbox 712 2355 787 2402; x_wconf 85' lang='lat' dir='ltr'>horos</span> <span class='ocrx_word' id='word_1_152' title='bbox 797 2355 824 2401; x_wconf 78' lang='lat' dir='ltr'>of</span> <span class='ocrx_word' id='word_1_153' title='bbox 832 2354 944 2411; x_wconf 69' lang='lat' dir='ltr'>animate,</span> <span class='ocrx_word' id='word_1_154' title='bbox 955 2354 1048 2410; x_wconf 78' lang='lat' dir='ltr'>metuis,</span> <span class='ocrx_word' id='word_1_155' title='bbox 1060 2356 1106 2402; x_wconf 75' lang='lat' dir='ltr'>dte.</span> 
     </span>
     <span class='ocr_line' id='line_1_21' title="bbox 209 2441 1112 2507; baseline -0.003 -15"><span class='ocrx_word' id='word_1_156' title='bbox 209 2442 296 2493; x_wconf 77' lang='lat' dir='ltr'>Hence</span> <span class='ocrx_word' id='word_1_157' title='bbox 311 2445 369 2506; x_wconf 84' lang='lat' dir='ltr'>they</span> <span class='ocrx_word' id='word_1_158' title='bbox 384 2456 424 2491; x_wconf 82' lang='lat' dir='ltr'>ate</span> <span class='ocrx_word' id='word_1_159' title='bbox 439 2441 526 2500; x_wconf 72' lang='lat' dir='ltr'>ended,</span> <span class='ocrx_word' id='word_1_160' title='bbox 540 2457 625 2501; x_wconf 71' lang='lat' dir='ltr'>meta,</span> <span class='ocrx_word' id='word_1_161' title='bbox 640 2444 739 2507; x_wconf 73' lang='lat' dir='ltr'>stipala,</span> <span class='ocrx_word' id='word_1_162' title='bbox 757 2444 871 2501; x_wconf 68' lang='lat' dir='ltr'>calamos,</span> <span class='ocrx_word' id='word_1_163' title='bbox 893 2443 991 2501; x_wconf 72' lang='lat' dir='ltr'>amodo,</span> <span class='ocrx_word' id='word_1_164' title='bbox 1009 2443 1112 2503; x_wconf 71' lang='lat' dir='ltr'>fistulo,</span> 
     </span>
     <span class='ocr_line' id='line_1_22' title="bbox 205 2531 604 2591; baseline -0.013 -9"><span class='ocrx_word' id='word_1_165' title='bbox 205 2534 291 2591; x_wconf 68' lang='lat' dir='ltr'>bueus,</span> <span class='ocrx_word' id='word_1_166' title='bbox 307 2532 376 2590; x_wconf 65' lang='lat' dir='ltr'>tilio,</span> <span class='ocrx_word' id='word_1_167' title='bbox 392 2545 473 2588; x_wconf 75' lang='lat' dir='ltr'>cmo,</span> <span class='ocrx_word' id='word_1_168' title='bbox 491 2545 539 2588; x_wconf 80' lang='lat' dir='ltr'>aes,</span> <span class='ocrx_word' id='word_1_169' title='bbox 557 2531 604 2578; x_wconf 78' lang='lat' dir='ltr'>&amp;c-</span> 
     </span>
    </p>

    <p class='ocr_par' dir='ltr' id='par_1_18' title="bbox 240 2615 1100 2686">
     <span class='ocr_line' id='line_1_23' title="bbox 240 2615 1100 2686; baseline -0.005 -16"><span class='ocrx_word' id='word_1_170' title='bbox 240 2619 392 2684; x_wconf 71' lang='lat' dir='ltr'>‘Amaryllis</span> <span class='ocrx_word' id='word_1_171' title='bbox 403 2633 500 2686; x_wconf 73' lang='lat' dir='ltr'>appears</span> <span class='ocrx_word' id='word_1_172' title='bbox 510 2628 536 2665; x_wconf 91' lang='lat' dir='ltr'>to</span> <span class='ocrx_word' id='word_1_173' title='bbox 546 2618 576 2665; x_wconf 87' lang='lat' dir='ltr'>be</span> <span class='ocrx_word' id='word_1_174' title='bbox 585 2617 644 2681; x_wconf 83' lang='lat' dir='ltr'>only</span> <span class='ocrx_word' id='word_1_175' title='bbox 653 2632 668 2665; x_wconf 87' lang='lat' dir='ltr'>a</span> <span class='ocrx_word' id='word_1_176' title='bbox 677 2615 778 2680; x_wconf 78' lang='lat' dir='ltr'>poetioai</span> <span class='ocrx_word' id='word_1_177' title='bbox 788 2633 860 2665; x_wconf 86' lang='lat' dir='ltr'>name</span> <span class='ocrx_word' id='word_1_178' title='bbox 870 2618 906 2664; x_wconf 75' lang='lat' dir='ltr'>tor</span> <span class='ocrx_word' id='word_1_179' title='bbox 916 2633 930 2666; x_wconf 87' lang='lat' dir='ltr'>a</span> <span class='ocrx_word' id='word_1_180' title='bbox 940 2619 1100 2678; x_wconf 78' lang='lat' dir='ltr'>shepherdess</span> 
     </span>
    </p>

    <p class='ocr_par' dir='ltr' id='par_1_19' title="bbox 237 2706 1087 2768">
     <span class='ocr_line' id='line_1_24' title="bbox 237 2706 1087 2768; baseline -0.005 -10"><span class='ocrx_word' id='word_1_181' title='bbox 237 2707 251 2746; x_wconf 55' lang='grc' dir='ltr'><strong>ἅ</strong></span> <span class='ocrx_word' id='word_1_182' title='bbox 267 2709 343 2767; x_wconf 79' lang='lat' dir='ltr'>Deus,</span> <span class='ocrx_word' id='word_1_183' title='bbox 354 2709 410 2756; x_wconf 84' lang='lat' dir='ltr'>bere</span> <span class='ocrx_word' id='word_1_184' title='bbox 421 2720 505 2756; x_wconf 81' lang='lat' dir='ltr'>meaos</span> <span class='ocrx_word' id='word_1_185' title='bbox 517 2706 640 2764; x_wconf 78' lang='lat' dir='ltr'>Augustus</span> <span class='ocrx_word' id='word_1_186' title='bbox 650 2706 740 2754; x_wconf 74' lang='lat' dir='ltr'>Caesar.</span> <span class='ocrx_word' id='word_1_187' title='bbox 808 2713 820 2739; x_wconf 57' lang='grc' dir='ltr'>θ</span> <span class='ocrx_word' id='word_1_188' title='bbox 832 2706 930 2764; x_wconf 74' lang='lat' dir='ltr'>Quartus</span> <span class='ocrx_word' id='word_1_189' title='bbox 940 2708 997 2764; x_wconf 74' lang='lat' dir='ltr'>dex,</span> <span class='ocrx_word' id='word_1_190' title='bbox 1010 2707 1049 2768; x_wconf 82' lang='lat' dir='ltr'>fig.</span> <span class='ocrx_word' id='word_1_191' title='bbox 1062 2718 1087 2754; x_wconf 74' lang='lat' dir='ltr'>t.</span> 
     </span>
    </p>

    <p class='ocr_par' dir='ltr' id='par_1_20' title="bbox 207 2793 1107 3038">
     <span class='ocr_line' id='line_1_25' title="bbox 240 2793 1107 2856; baseline -0.007 -10"><span class='ocrx_word' id='word_1_192' title='bbox 240 2806 252 2834; x_wconf 61' lang='grc' dir='ltr'><strong>θ</strong></span> <span class='ocrx_word' id='word_1_193' title='bbox 267 2799 327 2846; x_wconf 81' lang='lat' dir='ltr'>This</span> <span class='ocrx_word' id='word_1_194' title='bbox 337 2808 403 2845; x_wconf 76' lang='lat' dir='ltr'>vem</span> <span class='ocrx_word' id='word_1_195' title='bbox 413 2797 433 2844; x_wconf 80' lang='lat' dir='ltr'>is</span> <span class='ocrx_word' id='word_1_196' title='bbox 443 2798 471 2843; x_wconf 81' lang='lat' dir='ltr'>oi</span> <span class='ocrx_word' id='word_1_197' title='bbox 484 2793 592 2843; x_wconf 80' lang='lat' dir='ltr'>doubtful</span> <span class='ocrx_word' id='word_1_198' title='bbox 608 2795 738 2856; x_wconf 80' lang='lat' dir='ltr'>authority,</span> <span class='ocrx_word' id='word_1_199' title='bbox 754 2805 798 2841; x_wconf 86' lang='lat' dir='ltr'>not</span> <span class='ocrx_word' id='word_1_200' title='bbox 814 2795 884 2854; x_wconf 80' lang='lat' dir='ltr'>being</span> <span class='ocrx_word' id='word_1_201' title='bbox 900 2805 924 2841; x_wconf 91' lang='lat' dir='ltr'>to</span> <span class='ocrx_word' id='word_1_202' title='bbox 940 2794 970 2841; x_wconf 90' lang='lat' dir='ltr'>be</span> <span class='ocrx_word' id='word_1_203' title='bbox 986 2795 1061 2841; x_wconf 80' lang='lat' dir='ltr'>iound</span> <span class='ocrx_word' id='word_1_204' title='bbox 1079 2797 1107 2850; x_wconf 63' lang='lat' dir='ltr'>itu</span> 
     </span>
     <span class='ocr_line' id='line_1_26' title="bbox 207 2883 1105 2944; baseline -0.007 -9"><span class='ocrx_word' id='word_1_205' title='bbox 207 2888 251 2935; x_wconf 82' lang='lat' dir='ltr'>the</span> <span class='ocrx_word' id='word_1_206' title='bbox 262 2895 325 2934; x_wconf 84' lang='lat' dir='ltr'>most</span> <span class='ocrx_word' id='word_1_207' title='bbox 335 2886 431 2932; x_wconf 85' lang='lat' dir='ltr'>ancient</span> <span class='ocrx_word' id='word_1_208' title='bbox 441 2884 610 2944; x_wconf 78' lang='lat' dir='ltr'>manuscripts.</span> <span class='ocrx_word' id='word_1_209' title='bbox 644 2883 742 2944; x_wconf 79' lang='lat' dir='ltr'>Among</span> <span class='ocrx_word' id='word_1_210' title='bbox 757 2884 799 2930; x_wconf 87' lang='lat' dir='ltr'>the</span> <span class='ocrx_word' id='word_1_211' title='bbox 815 2883 910 2930; x_wconf 71' lang='lat' dir='ltr'>mcitut</span> <span class='ocrx_word' id='word_1_212' title='bbox 921 2884 1029 2930; x_wconf 82' lang='lat' dir='ltr'>Romans</span> <span class='ocrx_word' id='word_1_213' title='bbox 1040 2898 1053 2928; x_wconf 89' lang='lat' dir='ltr'>a</span> <span class='ocrx_word' id='word_1_214' title='bbox 1064 2898 1105 2930; x_wconf 82' lang='lat' dir='ltr'>su·</span> 
     </span>
     <span class='ocr_line' id='line_1_27' title="bbox 208 2971 1104 3038; baseline -0.006 -15"><span class='ocrx_word' id='word_1_215' title='bbox 208 2974 331 3038; x_wconf 73' lang='lat' dir='ltr'>perstition</span> <span class='ocrx_word' id='word_1_216' title='bbox 343 2971 470 3034; x_wconf 83' lang='lat' dir='ltr'>prevaiied,</span> <span class='ocrx_word' id='word_1_217' title='bbox 486 2973 538 3020; x_wconf 78' lang='lat' dir='ltr'>that</span> <span class='ocrx_word' id='word_1_218' title='bbox 549 2984 564 3016; x_wconf 85' lang='lat' dir='ltr'>a</span> <span class='ocrx_word' id='word_1_219' title='bbox 575 2983 644 3016; x_wconf 81' lang='lat' dir='ltr'>taven</span> <span class='ocrx_word' id='word_1_220' title='bbox 655 2984 690 3017; x_wconf 79' lang='lat' dir='ltr'>ott</span> <span class='ocrx_word' id='word_1_221' title='bbox 700 2971 741 3017; x_wconf 87' lang='lat' dir='ltr'>the</span> <span class='ocrx_word' id='word_1_222' title='bbox 752 2971 816 3030; x_wconf 79' lang='lat' dir='ltr'>right</span> <span class='ocrx_word' id='word_1_223' title='bbox 826 2971 901 3028; x_wconf 89' lang='lat' dir='ltr'>hand,</span> <span class='ocrx_word' id='word_1_224' title='bbox 911 2972 958 3017; x_wconf 86' lang='lat' dir='ltr'>and</span> <span class='ocrx_word' id='word_1_225' title='bbox 968 2985 983 3017; x_wconf 87' lang='lat' dir='ltr'>a</span> <span class='ocrx_word' id='word_1_226' title='bbox 994 2986 1059 3018; x_wconf 89' lang='lat' dir='ltr'>crow</span> <span class='ocrx_word' id='word_1_227' title='bbox 1069 2987 1104 3018; x_wconf 87' lang='lat' dir='ltr'>on</span> 
     </span>
    </p>
   </div>
   <div class='ocr_carea' id='block_1_4' title="bbox 101 3056 1103 3120">
    <p class='ocr_par' dir='ltr' id='par_1_21' title="bbox 101 3056 1103 3120">
     <span class='ocr_line' id='line_1_28' title="bbox 101 3056 1103 3120; baseline -0.005 -9"><span class='ocrx_word' id='word_1_228' title='bbox 101 3056 104 3060; x_wconf 46' lang='lat'><strong>⁴</strong></span> <span class='ocrx_word' id='word_1_229' title='bbox 206 3065 249 3111; x_wconf 82' lang='lat' dir='ltr'>the</span> <span class='ocrx_word' id='word_1_230' title='bbox 259 3062 310 3120; x_wconf 84' lang='lat' dir='ltr'>leit,</span> <span class='ocrx_word' id='word_1_231' title='bbox 328 3062 398 3109; x_wconf 88' lang='lat' dir='ltr'>made</span> <span class='ocrx_word' id='word_1_232' title='bbox 413 3075 444 3107; x_wconf 92' lang='lat' dir='ltr'>an</span> <span class='ocrx_word' id='word_1_233' title='bbox 455 3073 545 3120; x_wconf 80' lang='lat' dir='ltr'>auguty</span> <span class='ocrx_word' id='word_1_234' title='bbox 556 3057 653 3106; x_wconf 79' lang='lat' dir='ltr'>certain.</span> <span class='ocrx_word' id='word_1_235' title='bbox 680 3060 689 3086; x_wconf 84' lang='lat'><strong>‘</strong></span> <span class='ocrx_word' id='word_1_236' title='bbox 701 3058 766 3104; x_wconf 74' lang='lat' dir='ltr'>Quid</span> <span class='ocrx_word' id='word_1_237' title='bbox 777 3073 863 3117; x_wconf 80' lang='lat' dir='ltr'>augur,</span> <span class='ocrx_word' id='word_1_238' title='bbox 879 3073 921 3104; x_wconf 84' lang='lat' dir='ltr'>cur</span> <span class='ocrx_word' id='word_1_239' title='bbox 932 3074 946 3104; x_wconf 88' lang='lat' dir='ltr'>a</span> <span class='ocrx_word' id='word_1_240' title='bbox 956 3060 1040 3115; x_wconf 76' lang='lat' dir='ltr'>dextra</span> <span class='ocrx_word' id='word_1_241' title='bbox 1050 3074 1103 3106; x_wconf 88' lang='lat' dir='ltr'>cor-</span> 
     </span>
    </p>
   </div>
   <div class='ocr_carea' id='block_1_5' title="bbox 204 3145 1098 3211">
    <p class='ocr_par' dir='ltr' id='par_1_22' title="bbox 204 3145 1098 3211">
     <span class='ocr_line' id='line_1_29' title="bbox 204 3145 1098 3211; baseline -0.004 -12"><span class='ocrx_word' id='word_1_242' title='bbox 204 3167 259 3211; x_wconf 70' lang='lat' dir='ltr'>tus,</span> <span class='ocrx_word' id='word_1_243' title='bbox 276 3167 291 3200; x_wconf 88' lang='lat' dir='ltr'>a</span> <span class='ocrx_word' id='word_1_244' title='bbox 306 3151 400 3198; x_wconf 80' lang='lat' dir='ltr'>sinistra</span> <span class='ocrx_word' id='word_1_245' title='bbox 415 3147 500 3196; x_wconf 83' lang='lat' dir='ltr'>toroix</span> <span class='ocrx_word' id='word_1_246' title='bbox 516 3146 587 3197; x_wconf 77' lang='lat' dir='ltr'>iaciat</span> <span class='ocrx_word' id='word_1_247' title='bbox 605 3145 701 3193; x_wconf 78' lang='lat' dir='ltr'>ratum·</span> <span class='ocrx_word' id='word_1_248' title='bbox 735 3145 815 3194; x_wconf 45' lang='grc' dir='ltr'>δίοιτο</span> <span class='ocrx_word' id='word_1_249' title='bbox 826 3148 1023 3195; x_wconf 60' lang='lat' dir='ltr'>&amp;Divinatione</span> <span class='ocrx_word' id='word_1_250' title='bbox 1058 3149 1098 3195; x_wconf 89' lang='lat' dir='ltr'>Ou</span> 
     </span>
    </p>
   </div>
   <div class='ocr_carea' id='block_1_6' title="bbox 0 0 1226 3736">
    <p class='ocr_par' dir='ltr' id='par_1_23' title="bbox 0 0 1226 3736">
     <span class='ocr_line' id='line_1_30' title="bbox 0 0 1226 3736; baseline 0 4"><span class='ocrx_word' id='word_1_251' title='bbox 0 0 1226 3736; x_wconf 95' lang='lat' dir='ltr'> </span> 
     </span>
    </p>
   </div>
  </div>
 </body>
</html>
