2444 3736
586 248 635 316 43

161 431 269 489 Omnia
282 447 359 487 nunc
371 430 483 488 rident:
505 439 545 497 at,
560 430 582 487 si
595 428 734 486 formosus
746 428 846 486 Alexis
1002 439 1039 490 55

85 602 88 607 ¹
162 533 313 591 Montibus
325 533 369 591 his
382 533 474 599 abest,
494 532 587 590 videas
599 540 630 589 et
638 530 850 607 flumina-sicca.

202 635 235 692 T.
255 636 327 694 Aret
340 653 423 712 agen
445 636 513 693 vitio
526 636 647 693 moriens
660 634 717 692 sitit
726 636 795 692 aeris
807 634 913 707 herba;

160 738 247 796 Liber
258 739 420 815 pampineas
433 739 532 797 invidit
544 737 661 797 collibus
673 739 803 796 umbras:

160 837 294 914 Phyllidis
307 840 430 897 adventu
442 842 552 897 nostrae
564 857 665 897 nemus
677 858 764 896 omne
775 840 893 911 virebit3

159 942 421 1018 iuppiteretlaeto
434 943 585 1000 descendet
596 942 735 1020 plurimus
748 944 841 1000 imbri.
997 940 1040 1002 60

203 1039 236 1098 C.
257 1042 379 1118 Populus
391 1042 532 1101 Alcidaen
545 1044 709 1120 gratissima,
730 1045 794 1102 vitis
806 1044 921 1112 Iaccho,

159 1144 311 1202 Formosae
323 1153 432 1224 myrtus
444 1144 561 1212 Veneri,
582 1163 631 1202 sua
642 1143 736 1202 laurea
748 1145 880 1202 Phoebo:

159 1240 265 1319 Phyllis
277 1255 353 1302 amat
365 1244 474 1302 corulos
485 1270 494 1316 3
517 1244 576 1303 illas
588 1247 658 1303 dum
670 1245 774 1321 Phyllis
787 1247 903 1314 amabit,

161 1346 194 1404 N
194 1364 228 1404 ec
240 1356 350 1422 myrtus
361 1348 456 1406 vincet
468 1346 588 1415 nomios,
609 1365 662 1414 nec
674 1346 768 1405 laurea
780 1349 896 1406 Phoebi.

201 1448 234 1505 T.
255 1450 390 1506 Fraxinus
402 1450 431 1507 in
444 1448 526 1525 sylvis
538 1447 737 1527 pulcherrima,
757 1451 839 1525 pinus
852 1450 882 1507 in
894 1445 1038 1529 hQififlsffl

159 1550 284 1629 Populus
297 1553 326 1608 in
339 1551 441 1618 fluviis,
462 1553 538 1608 abies
548 1551 577 1607 in
590 1551 734 1609 montibus
744 1550 826 1610 altis:
975 1563 977 1567 '

159 1655 275 1732 Saepius
288 1664 317 1712 at
329 1656 352 1711 si
365 1671 424 1722 me,
447 1653 551 1728 Lycida
565 1651 698 1721 formose,
719 1654 818 1711 revisas
834 1675 840 1710 :

159 1759 295 1816 Fraxinus
308 1759 337 1814 in
350 1756 433 1832 sylvis
446 1757 530 1814 cedet
539 1756 601 1823 tibi,
622 1757 705 1832 pinus
717 1756 747 1813 in
759 1756 856 1837 hortis.

199 1861 245 1920 M.
277 1862 359 1918 Haec
388 1860 522 1930 memini,
555 1868 585 1915 et
616 1859 724 1916 victum
757 1857 857 1935 firutra
888 1857 1059 1938 contendere

316 1963 449 2039 Thyrsin.

156 2067 203 2123 Ex
215 2063 264 2122 illo
277 2065 424 2140 Corydon,
445 2062 582 2138 Corydon
595 2070 637 2119 est
650 2072 778 2138 tempore
791 2062 880 2120 nobis.
998 2067 1039 2134 70

188 2291 201 2320 ¹¹
218 2285 240 2333 lt
251 2286 270 2332 is
280 2283 368 2342 fabied,
384 2285 438 2333 that
450 2284 577 2344 Hercules,
593 2287 652 2334 who
660 2287 680 2336 is
688 2287 739 2337 aiio
746 2287 822 2337 called
834 2288 941 2347 Alcides,
958 2303 1053 2337 crown-

158 2373 188 2421 ed
200 2372 239 2420 his
248 2373 309 2420 hesd
322 2374 380 2421 with
392 2374 433 2422 she
442 2375 511 2439 twigs
520 2374 547 2423 oi
553 2387 568 2421 s
577 2374 652 2423 white
662 2376 753 2438 popius,
770 2377 878 2438 growing
885 2391 919 2425 on
930 2377 972 2426 the
979 2376 1056 2428 bank·

154 2461 187 2509 oi
195 2462 319 2521 Acheron,
336 2462 410 2510 when
421 2461 453 2510 he
460 2461 571 2515 returned
582 2462 645 2511 irem
653 2463 695 2512 the
705 2463 804 2513 infernal
815 2464 917 2526 regions.
