2444 3736
538 280 586 344 53

114 465 219 526 Nostra
231 465 336 533 valent,
352 467 468 542 Lycida,
482 465 537 524 tela
548 467 620 524 inter
633 466 748 532 Martia,
763 474 901 541 quantum

113 569 253 626 Chaonias
266 569 375 636 dicunt,
389 568 479 644 aquila
494 570 634 635 veniente,
649 564 818 625 columbas.b

114 673 267 732 Quodnisi
281 692 329 731 me
342 693 519 750 quacumque
533 693 617 732 novas
631 674 752 730 incidere
765 673 828 730 lites

91 843 96 850 ⁵
113 777 193 832 Ante
207 778 312 833 sinistra
326 795 392 834 cava
406 778 560 834 monuisset
572 778 608 833 ab
619 775 682 833 ilice
695 777 807 832 cornix:
953 781 988 830 15

118 879 183 936 Nec
199 889 261 936 tuus
275 879 321 936 hic
335 880 453 945 Moeris,
475 898 528 936 nec
540 880 646 937 viveret
659 880 717 954 ipse
729 877 883 935 Menalcas.

158 982 192 1039 L.
214 983 303 1039 Heu!
335 984 409 1040 cadit
430 984 458 1039 in
480 1002 653 1058 quemquam
678 989 789 1039 tanturn
812 980 922 1039 scelus?
953 978 1011 1036 heu

275 1095 322 1140 tua
335 1086 414 1162 nobis

117 1170 208 1243 Paene
219 1187 302 1243 simul
317 1197 412 1245 tecum
425 1187 519 1245 solatia
532 1197 619 1264 rapta,
631 1188 781 1246 Menalca!

117 1291 189 1348 Quis
200 1301 312 1347 caneret
324 1295 462 1367 nympas?
484 1293 545 1369 quis
559 1291 680 1348 humum
693 1290 856 1348 florentibus
869 1291 962 1348 herbis

120 1394 289 1470 spargeret?
304 1404 353 1451 aut
361 1396 440 1452 viridi
454 1391 546 1452 fontes
560 1395 704 1452 induceret
712 1396 813 1451 umbra
825 1398 834 1452 ἓ
953 1400 994 1451 20

117 1498 175 1556 Vel
188 1518 259 1574 quae
273 1499 380 1575 sublegi
394 1501 493 1557 tacitus
507 1500 557 1556 tihi
570 1500 693 1556 carmina
705 1517 805 1574 nuper,

119 1602 198 1658 Cum
212 1610 240 1658 te
254 1603 288 1658 ad
301 1602 412 1659 delicias
425 1602 511 1659 ferres
525 1600 699 1677 Amaryllida
709 1603 834 1659 nostras?

119 1711 141 1736 “
156 1705 266 1780 Tityre,
281 1706 352 1762 dum
363 1706 458 1773 redeo,
474 1707 564 1763 brevis
577 1715 619 1762 est
631 1707 686 1772 via,
700 1722 783 1781 pasce
795 1703 914 1780 capellas
926 1729 935 1775 3

120 1806 158 1862 Et
167 1814 267 1880 potum
277 1815 367 1882 pastas
379 1825 442 1882 age,
456 1808 572 1882 Tityre,
595 1816 625 1864 et
639 1808 712 1863 inter
723 1807 875 1882 agendum,

119 1906 274 1964 Occursare
284 1925 378 1983 capr0,
392 1927 480 1965 cornu
493 1909 559 1965 ferit
572 1907 628 1974 illc,
644 1911 768 1965 caveto.’'
957 1917 994 1966 25

157 2009 203 2064 M.
224 2010 321 2067 Immo
333 2009 414 2076 haec',
428 2028 500 2086 quae
508 2011 584 2068 Varo
597 2011 720 2068 necdum
730 2011 854 2088 perfecta
866 2016 1003 2072 canebat:

122 2121 144 2146 “
155 2114 241 2180 Vare,
256 2122 338 2170 tuum
351 2132 456 2171 nomen
474 2117 599 2190 (superet
611 2116 699 2173 modo
713 2116 834 2173 Mantua
847 2119 937 2187 nobis,

121 2217 242 2273 Mantua
261 2236 312 2274 vae
325 2219 443 2274 miserae
455 2219 576 2276 nimium
586 2219 676 2276 vicina
690 2218 849 2277 Cremonae
862 2219 886 2293 l)

121 2327 274 2384 Cantantes
288 2325 407 2384 sublime
421 2328 512 2384 serent
525 2326 560 2384 ad
572 2328 660 2385 sidera
673 2330 782 2403 cycni.''

163 2427 198 2484 L.
220 2429 266 2485 Sic
280 2436 328 2485 tua
341 2429 500 2504 Cyrnaeasc
513 2429 623 2505 fugiant
635 2431 767 2488 examina
781 2439 876 2502 taxos,
960 2439 1001 2488 ³0

157 2631 170 2668 b
188 2635 330 2687 Chaonias..
343 2640 495 2688 ..columbas
528 2641 608 2688 These
624 2655 686 2688 were
707 2641 805 2688 famous
822 2641 921 2702 pigeoas
938 2640 963 2686 in
981 2642 1022 2690 the

57 2783 61 2789 ⁶
125 2726 258 2774 Dodonean
269 2741 353 2787 grove,
370 2731 422 2776 that
433 2729 523 2777 uttered
536 2729 644 2778 oraculas
655 2743 787 2790 responses.
820 2728 922 2775 Dodona
936 2741 986 2777 was
997 2729 1023 2777 in

125 2815 221 2878 Epirus,
248 2817 330 2864 which
350 2831 400 2864 was
419 2817 541 2880 anciently
562 2817 639 2866 called
656 2816 775 2864 Chaonia.
817 2815 892 2877 Virgil
908 2817 1024 2866 therefore

124 2918 180 2951 uses
190 2903 315 2952 Chaonian
326 2906 423 2968 pigeons
432 2905 568 2968 poetically,
584 2907 621 2953 sor
634 2905 731 2966 pigeons
743 2905 767 2952 in
777 2903 880 2966 general.

157 2999 169 3028 ⁰
187 2991 328 3058 Cymaeae..
339 3026 361 3043 ..
372 3001 447 3042 tanos.
480 2994 535 3042 The
546 2993 622 3042 island
631 2994 659 3040 of
673 2993 770 3041 Corsica
780 3007 830 3042 was
839 2993 915 3043 called
927 2995 1022 3063 Cyrnus

126 3081 159 3142 by
170 3082 211 3127 the
223 3081 322 3140 Greeks,
338 3082 382 3131 but
393 3083 451 3145 why
460 3083 501 3130 the
512 3082 625 3130 Corsican
637 3096 703 3145 yews
721 3095 784 3130 were
794 3085 912 3132 csteemed
922 3085 1025 3147 particu-

126 3166 189 3232 larly
198 3167 337 3229 poisonous,
356 3169 412 3218 does
420 3178 462 3217 not
472 3183 559 3232 appear
570 3169 595 3217 in
604 3183 652 3234 any
661 3165 758 3218 ancient
768 3171 863 3219 author.
