2444 3736
600 305 649 379 59

175 497 260 553 Stant
271 502 301 552 et
313 478 380 554 oves
394 496 521 568 circum;
541 497 640 573 (nostri
653 515 707 555 nec
719 498 845 574 poenitet
858 497 936 572 illas;

177 588 244 656 Nec
257 608 285 656 te
297 600 441 676 poeniteat
448 601 567 677 pecoris,
582 601 675 659 divine
688 602 792 659 Poeta:

175 702 215 759 Et
227 701 365 760 sonnosus
377 721 442 761 oves
456 703 491 760 ad
499 703 617 761 flumina
629 705 705 781 pavit
718 703 839 776 Adonis)

164 838 166 842 ·
177 807 265 863 Venit
274 814 305 864 et
316 806 423 883 upilio3
437 809 507 865 tardi
521 827 624 866 venere
637 808 771 880 bubulci3

159 935 162 941 ¹
177 908 293 966 Uvidau
301 907 418 966 hiberna
429 910 508 967 venit
521 910 556 968 de
569 909 670 987 glande
683 909 839 968 Menalcas.
1009 916 1050 967 20

156 1039 160 1048 =
176 1009 299 1079 Omnes,
312 1012 389 1069 unde
398 1029 478 1069 amor
490 1013 552 1080 iste,
565 1021 676 1090 rogant,
691 1013 763 1071 tibi?
804 1012 893 1070 Venit
906 1010 1028 1089 Apollo:

178 1111 272 1180 Galle,
286 1114 355 1189 quid
367 1115 487 1171 insanis?
502 1115 602 1192 inquit,
617 1125 665 1173 tua
674 1133 740 1172 cura
753 1117 868 1190 Lycoris

176 1217 285 1292 Perque
298 1217 375 1275 nives
387 1215 474 1274 alium
486 1235 593 1294 perque
606 1215 718 1275 horrida
729 1225 817 1276 castra
826 1227 921 1277 secuta
928 1227 979 1278 est.

163 1317 268 1375 <Venit
277 1329 307 1375 et
319 1320 420 1394 agresti
433 1320 531 1396 capitis
542 1318 677 1395 Sylvanus
691 1319 799 1378 honore

160 1417 325 1506 ‚illidentes
337 1421 438 1479 ferulas
447 1432 477 1479 et
490 1422 603 1498 gratrdia
614 1421 671 1480 lilia
681 1442 818 1500 quassans.
1015 1430 1051 1483 2⁵

180 1525 238 1583 Pan
247 1525 315 1582 deus
324 1526 462 1583 Arcadiae
471 1526 551 1583 venit
562 1548 568 1582 ε
581 1545 668 1602 quem
680 1527 801 1584 vidimus
810 1528 862 1604 ipsi

181 1626 345 1699 Sanguineis
357 1625 448 1685 ebuli¹
462 1629 554 1685 baccis
567 1628 736 1704 minioquem
750 1630 910 1685 rubentem.

175 1729 284 1805 Ecquis
293 1729 347 1787 erit
358 1731 479 1788 modus?
491 1731 589 1807 inquit.
629 1731 722 1789 Amor
734 1749 792 1788 non
805 1731 870 1789 talia
882 1739 970 1789 curat.

181 1831 248 1889 Nec
260 1831 389 1907 lacrymis
399 1831 518 1889 crudelis
530 1832 633 1900 Amor,
648 1850 702 1889 nec
714 1833 839 1909 gramina
848 1833 935 1900 rivis,¹

180 1933 247 1990 Nec
260 1933 349 2008 cytiso
358 1941 515 1990 saturantur
527 1951 603 2010 apes,
618 1951 671 1990 nec
681 1932 781 1991 fronde
793 1932 926 2010 capellae.
1015 1939 1055 1993 30

178 2036 279 2094 Tristis
292 2044 321 2092 at
332 2035 396 2094 ille:
414 2045 509 2094 nmen
523 2038 678 2105 cantabitis,
692 2039 828 2107 Arcades,
847 2039 948 2115 inquit,

180 2139 331 2196 Montibus
340 2139 410 2196 haec
422 2140 521 2197 vestris
533 2165 541 2211 3
558 2139 609 2197 soli
621 2149 733 2198 cantare
745 2142 828 2219 periti

183 2242 316 2300 Arcades.
356 2244 385 2302 Ο
399 2243 470 2300 mihi
484 2251 646 2320 tamquam
658 2244 782 2303 molliter
794 2265 854 2304 ossa
867 2247 1021 2324 quiescant,

182 2344 284 2402 Vestra
298 2363 377 2402 meos
392 2343 461 2403 olim
473 2344 602 2403 silistula
615 2346 689 2403 dicat
701 2349 828 2405 amores!

184 2447 282 2522 Atque
294 2447 403 2504 utinam
416 2465 458 2504 ex¹
466 2448 545 2505 vobis
557 2465 640 2515 unua,
661 2450 799 2525 vestrique
813 2448 928 2507 fuissem
1019 2457 1056 2507 35

184 2549 246 2606 Aut
257 2558 349 2607 custos
362 2551 463 2626 gregis,
478 2558 526 2607 aut
535 2559 660 2608 maturae
672 2551 776 2608 vinitor
786 2546 875 2608 uvae!

175 2653 282 2721 -Certe,
292 2653 349 2712 sive
361 2652 434 2710 mihi
447 2652 562 2730 Phyllis,
576 2655 633 2712 sive
647 2661 718 2710 esset
730 2653 881 2728 Amyntas,

451 2903 458 2942 ¹
475 2903 602 2956 Samiam
612 2907 700 2966 ebulus,
717 2908 758 2971 fig.
768 2917 810 2956 aa.

216 2999 235 3027 ¹¹¹
251 2991 312 3042 This
321 2993 405 3042 colour
421 3009 471 3043 was
487 2996 602 3059 probably
618 2997 754 3056 vermifluo,
770 3011 797 3046 as
812 2997 855 3045 tbe
870 2995 971 3045 minum
996 2998 1025 3045 oi
1037 2997 1079 3046 the

186 3081 294 3131 Romans
310 3097 360 3134 was
370 3085 441 3135 made
450 3085 513 3135 from
523 3085 642 3147 cinnabar,
658 3088 764 3138 whereas
779 3102 824 3138 our
833 3085 939 3137 minium
948 3088 969 3138 is
984 3088 1027 3136 tbe
1042 3088 1084 3137 red

185 3169 241 3220 calx
252 3171 280 3220 ol
287 3171 346 3221 lead.
