2444 3736
590 277 632 344 14

162 465 194 521 ln
209 462 304 519 medio
316 461 374 518 ‹luo
387 461 474 537 signa,
491 459 609 518 Conon!
623 455 633 495 f
649 468 680 517 el
692 459 755 535 quia
767 457 822 518 fuit
835 459 918 530 alter,
992 467 1033 521 40

160 563 312 639 Descripsit
324 562 401 619 radio
414 573 505 620 totum
518 562 566 638 qni
579 563 709 638 gentibru
720 563 831 630 orbem,

160 667 302 740 Tempora
314 681 385 739 quae
398 681 513 730 messor,
530 681 601 740 quae
614 681 713 722 currus
726 674 817 722 nator
828 663 964 723 luberet?

162 767 296 826 Necdum
309 765 360 823 illis
373 764 448 823 labra
460 765 582 831 mmovi,
596 766 645 822 sed
658 766 770 824 condita
783 783 872 823 servo.

200 869 239 926 D.
260 869 296 926 Et
309 868 389 925 nobis
402 868 479 924 idern
491 866 663 924 Alcimedon
675 867 732 924 duo
744 866 846 944 pocula
859 867 938 935 fecit,

162 973 199 1029 Et
213 969 291 1027 molli
303 971 410 1026 circum
422 979 465 1025 est
477 986 554 1025 ansas
566 967 712 1044 amplexus
723 968 886 1040 acanthon
996 974 1032 1028 ⁴⁵

161 1069 353 1150 Orpheaquel
367 1072 396 1127 in
409 1071 505 1129 medio
517 1073 619 1148 posuit,
634 1070 778 1147 sylvasque
790 1081 948 1148 &quantas

163 1173 297 1232 Necdum
311 1171 362 1229 illis
374 1171 450 1229 labra
462 1172 584 1240 admovi,
598 1173 648 1230 sed
661 1173 774 1230 condita
786 1191 875 1232 servo.

163 1277 191 1333 Si
204 1276 240 1332 ad
253 1273 370 1332 vitulam
383 1282 500 1350 spectes,
516 1272 586 1330 nihil
599 1284 641 1331 est
654 1275 730 1349 quod
743 1273 843 1351 pocula
855 1273 960 1333 laudes.

130 1372 133 1379 ’
182 1378 228 1435 Μ.
240 1377 397 1452 Nunquam
405 1376 488 1433 hodie
495 1375 626 1454 effugies:
637 1378 748 1435 veniam
754 1396 937 1455 quocumque
943 1379 1057 1437 vocatus

162 1480 268 1538 Audiat
280 1478 351 1536 haec
364 1489 485 1545 tautum,
499 1477 544 1535 iel
557 1480 606 1554 qui
619 1479 706 1546 venit,
720 1497 798 1546 ecce,
813 1478 973 1539 Palaemon
1018 1487 1056 1538 ⁵0

162 1581 291 1640 Efficiam
304 1581 430 1658 posthac,
444 1599 481 1638 ne
493 1599 665 1658 quemquam
678 1599 747 1638 voce
759 1579 882 1640 lacessas.

202 1685 242 1741 D.
263 1685 342 1743 Quin
352 1702 414 1761 age,
426 1685 447 1740 si
456 1685 629 1760 quidhabes,
645 1686 674 1741 in
684 1688 819 1742 memora
829 1703 886 1743 non
897 1685 1031 1759 eritnllsr5

163 1787 229 1846 Nec
242 1803 414 1862 quemquam
427 1783 522 1861 fugio:
545 1795 665 1852 tantum,
680 1787 771 1844 vicine
784 1786 945 1856 Palaemon,
998 1784 1005 1796 “

164 1888 294 1946 Sensibus
307 1887 376 1944 haec
390 1887 462 1952 imis,
477 1904 520 1943 res
533 1897 575 1944 est
588 1904 644 1942 non
657 1905 750 1963 parva,
765 1906 890 1965 reponas.

203 1991 238 2047 P.
259 1988 371 2046 Dicite:
387 1989 615 2064 qnandoquidem
628 1990 658 2046 in
671 1989 749 2048 molli
758 1991 934 2049 consedimus
943 1991 1049 2064 herbas

164 2093 202 2149 Et
215 2109 291 2147 nunc
303 2091 395 2147 omnis
407 2108 483 2166 ager,
503 2108 578 2147 nunc
591 2092 682 2149 ornnis
695 2093 811 2169 parturit
823 2094 914 2161 arbos,
1000 2095 1045 2152 56

165 2194 197 2251 N
198 2211 254 2250 unc
267 2192 399 2250 frondent
411 2191 514 2269 sylvae,
531 2209 608 2248 nunc
621 2191 832 2250 formosissimus
845 2211 942 2252 anmu.

165 2297 274 2377 Incipe,
289 2295 439 2365 Damoeta,
455 2304 487 2350 tu
501 2293 604 2350 deinde
616 2311 743 2368 sequere,
758 2293 899 2352 Menalca.
987 2330 990 2335 ·

165 2397 290 2455 Alternis
303 2396 416 2466 dicetis3
439 2403 534 2452 amant
547 2393 651 2452 alterna
664 2395 815 2454 Camenae.

197 2602 209 2640 f
223 2606 284 2654 This
297 2605 378 2655 Conon
388 2619 436 2651 was
444 2614 507 2653 most
516 2603 629 2667 probably
638 2618 652 2651 a
661 2603 790 2652 celebrated
802 2605 1009 2665 mathematician,
1019 2608 1062 2656 the

165 2696 250 2751 friend,
262 2709 297 2753 or,
308 2710 333 2741 as
345 2708 412 2741 some
422 2709 474 2756 say,
492 2696 533 2740 the
544 2693 665 2740 masrerol
673 2693 714 2740 the
725 2693 819 2741 famous
829 2696 996 2744 Archimedes.

199 2791 211 2825 Γ,
228 2784 347 2830 Aconrlrur
359 2784 435 2829 mollis
444 2783 471 2830 ol
481 2783 603 2831 Linnaeus.

199 2870 213 2906 h
230 2875 340 2933 Orpbeus
349 2887 398 2920 was
407 2874 447 2920 the
455 2887 499 2918 son
507 2873 533 2919 oi
540 2873 654 2932 Oeagrus,
664 2887 679 2920 a
688 2872 744 2934 king
753 2872 780 2919 ol
786 2873 888 2931 Thrace,
899 2874 932 2937 by
941 2876 982 2922 the
992 2889 1062 2925 muse

166 2959 270 3021 Calliope
280 2978 286 3007 ι
301 2964 365 3009 risere
375 2976 415 3010 are
425 2963 493 3009 orirer
503 2970 617 3009 accounts
628 2964 654 3007 ol
663 2962 699 3008 his
709 2964 794 3022 origin,
805 2961 849 3009 but
858 2963 907 3010 this
918 2962 938 3010 is
947 2964 989 3012 the
998 2975 1063 3013 most

167 3048 328 3098 conformsble
339 3059 363 3099 to
376 3049 466 3114 Virgil's
478 3050 574 3112 opinion
585 3050 610 3097 ol
620 3050 657 3097 his
669 3061 794 3114 parenrage
803 3050 851 3099 and
860 3051 964 3100 descent.
